2321 4013
261 332 458 375 LIBER
501 331 825 372 TERTIVS.
858 325 1196 374 socrssTAs
1239 337 1481 383 AGENS.
1629 348 1723 395 373
1779 349 1781 353 ·

56 449 60 475 ;
85 410 350 465 deRomano
365 410 579 456 societatis
610 406 775 470 templo
790 413 1088 472 pronuntiauit
1103 449 1115 469 ,
1134 409 1186 456 de
1203 413 1410 461 omnibus
1425 418 1609 467 eiusdem
1635 440 1729 472 toto

57 489 60 518 z
84 480 182 529 orbe
204 475 369 538 templis
392 477 479 537 pari
507 477 594 518 iure
623 473 748 534 pollit
765 473 964 520 affirmari
984 480 1102 538 (quia
1125 480 1168 522 in
1195 479 1398 525 omnibus
1420 487 1506 543 pari
1532 484 1730 536 felicitate

57 562 60 569 ⁴
84 544 389 596 saluberrimam
415 538 525 585 lianc
542 535 736 583 Ecclesiae
754 539 954 585 nascentis
970 540 1321 589 consuetudinem
1340 554 1586 609 reuocauir3)
1598 570 1649 597 ne
1667 568 1730 601 ta-

84 626 177 661 men
194 608 262 655 hic
289 609 411 653 Vnius
436 603 603 650 tantum
629 602 762 649 sensus
796 604 913 650 fuiffe
935 604 1150 662 videatur,
1172 612 1390 670 geminam
1420 609 1519 659 hnic
1545 619 1729 677 proferre

57 694 61 719 ι
83 677 214 727 visum
242 671 302 718 est
321 668 559 718 Reuerendi
586 672 716 715 Patris
735 672 776 714 F.
795 672 1054 733 Hieronymi
1074 673 1280 731 Romani,
1298 677 1375 720 viri
1403 679 1550 738 pietate
1579 689 1619 727 &
1640 701 1728 729 em-

58 779 61 785 .
83 744 238 792 ditione
255 735 483 793 clariffimi,
503 732 764 780 sententiam:
784 739 859 798 qui
884 753 1009 798 agens
1026 735 1078 781 de
1102 739 1230 783 initiis
1247 742 1464 786 Societatis
1480 746 1520 787 in
1540 745 1728 795 Ecclcfiae

57 828 61 849 e
84 805 298 857 'vtilitatem
322 800 455 864 quam
474 797 640 844 strenue
657 815 745 845 tam
766 798 924 847 Vtiliter
942 799 1171 848 laborantis
1185 840 1198 860 ,
1227 807 1345 862 Vno,
1360 809 1513 870 inquit,
1531 827 1728 861 momen-

58 890 61 914 :
84 887 126 921 to
148 878 307 918 mutata
320 866 379 913 est
398 881 488 912 tota
499 866 667 910 Roma:
697 867 797 927 quia
815 865 881 913 isti
913 869 1040 912 amici
1060 869 1144 913 Dei
1161 870 1195 913 se
1214 867 1507 932 dispergebant
1524 892 1593 936 per
1612 880 1727 924 vicos

84 935 285 1001 &plateas
298 931 432 989 vrbis,
450 946 496 979 vt
521 928 774 976 cumulatius
796 929 1035 992 prodessent
1058 932 1291 979 omnibus.
1330 936 1462 986 Tunc
1486 943 1643 1003 incepit
1671 960 1729 988 se-

58 1018 62 1044 ί
83 1000 271 1050 uiuiscere
296 1000 476 1060 antiqua
509 994 686 1041 deuotio
707 998 936 1058 primitiuae
954 995 1145 1043 Ecclesiae
1169 999 1468 1062 frequentandi
1486 1005 1729 1054 Confessio-

58 1058 177 1116 inem
201 1073 244 1111 &
268 1058 577 1109 Eucharistiam
597 1080 607 1106 z
638 1075 740 1106 tunc
760 1059 904 1122 repleri
927 1060 1085 1124 templa
1107 1063 1271 1127 populo
1297 1066 1349 1112 ad
1372 1072 1598 1117 conciones
1625 1091 1729 1119 conh

58 1132 240 1181 afluente.
257 1136 299 1175 &
324 1127 444 1191 plura
470 1130 514 1172 in
545 1125 655 1172 hanc
680 1125 931 1172 sententiam
949 1126 1000 1173 de
1019 1127 1229 1175 srnrstibus
1256 1129 1488 1180 laborantis
1513 1138 1729 1184 Societatis

58 1198 62 1218 ²
84 1196 342 1263 persequitur.
382 1190 586 1238 Ceterum
605 1194 648 1236 in
675 1209 764 1255 quo
782 1191 985 1255 discrepat
1001 1191 1070 1239 hic
1088 1194 1111 1240 a
1140 1198 1327 1242 Batonio
1341 1197 1455 1244 testis
1469 1237 1482 1257 ,
1512 1199 1591 1248 nili
1609 1202 1731 1265 quod

58 1286 62 1294 ι
89 1258 282 1312 Batonius
315 1262 464 1306 Gtaeco
489 1254 722 1314 vocabulo,
747 1255 851 1302 alter
866 1256 956 1303 aliis
983 1257 1118 1305 verbis
1139 1260 1254 1306 idem
1279 1263 1441 1324 prorsus
1468 1265 1607 1313 dicat?
1625 1286 1729 1315 nam

58 1341 63 1364 ‘-
84 1331 153 1393 qui
179 1326 285 1373 lianc
303 1320 572 1370 Anastasiam
600 1324 772 1381 Batonij
796 1337 866 1368 aut
892 1326 1226 1386 interpretaretur
1256 1343 1326 1373 aut
1349 1329 1597 1392 explicaret,
1623 1334 1729 1397 quid

58 1418 63 1439 ι
85 1391 191 1441 aliud
206 1388 374 1448 diceret,
392 1388 526 1452 qurim
545 1386 663 1451 quod
679 1385 779 1433 alter
794 1386 864 1434 ille
883 1391 947 1435 vir
961 1389 1163 1449 eruditus,
1185 1406 1287 1438 tunc
1304 1395 1494 1458 incepiffe
1510 1399 1730 1445 reuiuisce-

85 1475 124 1506 re
134 1461 356 1521 antiquum
373 1454 493 1501 Vsum
509 1472 556 1499 ac
574 1451 826 1516 religionem
847 1456 1078 1516 primitiuae
1095 1454 1286 1502 Ecclefiae
1303 1458 1597 1524 frequentandi
1609 1467 1731 1511 Con-

60 1564 63 1569 ,
85 1522 295 1571 festior-iem
317 1528 359 1567 &
387 1518 714 1567 Eucharistiam?
755 1518 833 1564 Sed
865 1518 970 1582 quid
996 1537 1076 1583 ego
1097 1521 1341 1569 testimonia
1369 1524 1549 1590 colligo?
1570 1526 1729 1591 quodsi

87 1587 250 1637 vibium
274 1584 537 1650 singularum
573 1582 736 1629 sensum
771 1582 1036 1647 exploremus
1064 1624 1077 1643 ,
1105 1605 1159 1632 an
1190 1605 1278 1633 non
1303 1594 1505 1637 omnium
1539 1592 1627 1639 haec
1647 1613 1730 1642 vna

59 1650 64 1695 'i
85 1673 162 1702 vox
179 1656 252 1700 erit
266 1691 276 1710 ,
303 1669 399 1716 quae
418 1666 515 1696 ante
546 1649 693 1696 decem
715 1652 872 1696 circiter
900 1667 1034 1696 annos
1054 1654 1155 1698 ciuis
1176 1651 1488 1700 Siluaducenfis
1510 1656 1619 1716 fuit,
1652 1663 1731 1707 viri

59 1713 65 1767 i
86 1723 224 1767 canitie
247 1726 289 1765 &
306 1718 561 1764 auctoritate
586 1711 865 1761 venerabilis?
887 1718 989 1780 Qi
1017 1715 1115 1762 cum
1134 1717 1293 1764 videret
1316 1721 1533 1783 ingentem
1551 1721 1604 1769 ad
1623 1723 1732 1771 sacra

60 1777 62 1842 ἶ
85 1783 152 1833 illa
173 1783 368 1850 mysteria
399 1785 441 1829 in
469 1778 634 1845 templo
654 1779 801 1826 nostro
830 1778 1111 1839 concursum,
1138 1782 1336 1830 accedens
1369 1785 1421 1830 ad
1456 1788 1693 1849 quemdam
1711 1791 1734 1836 ἐ

60 1850 225 1898 &nostris
254 1846 331 1896 fibi
360 1851 588 1911 ignotum,
628 1847 737 1892 Non
761 1845 945 1909 polsum,
962 1848 1120 1909 inquit,
1140 1846 1167 1893 ὂ
1186 1851 1324 1908 Pater,
1341 1847 1603 1899 dissimulare
1629 1870 1732 1913 gau-

60 1928 65 1956 l
86 1915 199 1963 dium
219 1915 335 1980 quod
354 1916 516 1960 intimis
535 1910 732 1958 medullis
751 1914 955 1975 percipio,
971 1911 1077 1957 dum
1094 1911 1222 1960 video
1236 1931 1448 1978 quantum
1465 1916 1552 1964 liaec
1566 1915 1663 1967 vrbs
1679 1921 1735 1968 ab

44 1980 65 2023 κ’.
85 1980 260 2028 aduentu
288 1980 427 2027 vestro
458 1977 507 2025 sit
533 1994 694 2024 mutata
714 2013 723 2023 .
775 1976 953 2023 antehac
986 1977 1211 2025 rarissimus
1244 1996 1330 2027 erat
1358 1982 1733 2035 Sacramentorum

60 2044 192 2105 ssvsus3
212 2055 253 2094 ὃ(
273 2045 302 2093 fi
328 2050 420 2110 quis
446 2061 533 2091 erat
558 2059 671 2090 extra
701 2041 914 2090 Pascliales
940 2042 1060 2088 ferias
1077 2083 1088 2102 ,
1114 2043 1210 2090 risui
1233 2044 1418 2093 aliorum
1451 2055 1494 2094 &
1513 2048 1732 2099 cachinnis

86 2128 164 2159 erat
180 2113 407 2160 obnoxius:
425 2128 538 2156 nunc
553 2127 683 2155 nemo
699 2107 856 2172 probus
876 2106 1069 2170 religioni
1085 2107 1161 2155 fibi
1177 2127 1267 2156 non
1284 2111 1417 2172 ducit,
1438 2112 1468 2160 si
1488 2117 1732 2180 B.Virginis

61 2175 252 2244 {aliisque
270 2174 582 2225 solennioribus
609 2175 731 2222 Festis
759 2173 848 2220 haec
873 2173 1070 2238 mysteria
1089 2191 1178 2221 non
1198 2173 1378 2239 vsurpet.
1420 2181 1481 2225 Ita
1498 2178 1568 2226 ille
1585 2178 1637 2226 de
1651 2180 1733 2230 suae

85 2241 189 2290 vrbis
203 2244 305 2291 facie
323 2247 365 2289 in
385 2241 513 2288 aliam
531 2241 709 2287 mutata.
755 2238 835 2285 Sed
857 2257 953 2303 quae
968 2255 1064 2286 toto
1087 2240 1191 2287 orbe
1214 2245 1362 2288 ciuitas
1385 2242 1467 2302 est,
1483 2248 1525 2291 in
1542 2245 1733 2309 qussqui-

0 2347 2 2350 ,
61 2307 179 2356 *dem
205 2313 385 2356 Societas
404 2308 543 2355 sedem
570 2307 737 2369 posuit,
769 2308 888 2350 cuius
916 2322 1005 2351 non
1024 2306 1171 2351 eadem
1191 2325 1273 2354 vox
1297 2300 1364 2367 sit,
1388 2308 1622 2376 eademc'lue
1639 2312 1732 2359 sen„

0 2391 2 2415 ;
61 2377 66 2411 ὲ
87 2378 235 2422 tentia?
267 2393 362 2438 quae
379 2392 477 2437 gens
494 2377 623 2419 etiam
648 2388 737 2418 tam
767 2387 930 2416 remota
949 2385 1073 2434 arque
1092 2370 1284 2431 barbara,
1305 2374 1419 2437 apud
1437 2392 1572 2440 quam
1589 2381 1731 2424 Socie-

0 2456 3 2482 :
62 2451 67 2479 ³
86 2453 143 2486 tas
156 2441 237 2488 νυξὶ
250 2457 349 2486 cum
376 2439 604 2503 Religione
624 2446 666 2484 &
686 2435 798 2494 Fide,
814 2436 1020 2483 tutillima
1034 2436 1122 2483 brec
1137 2436 1376 2502 Religionis
1402 2447 1444 2486 δε
1463 2441 1575 2487 Fidei
1591 2449 1733 2490 muni-

0 2544 3 2548 ,
62 2507 67 2542 ἰ
88 2520 225 2552 menta
247 2524 294 2552 ac
313 2503 502 2569 prrcfidia
520 2503 746 2566 neophytis
777 2503 1083 2566 frequentanda
1101 2521 1189 2549 non
1212 2504 1476 2567 persuaserit?
1516 2511 1568 2553 Et
1585 2511 1628 2554 in
1652 2510 1733 2554 ΑΞ.-

0 2590 3 2594 ’
62 2582 67 2613 ,Ι
88 2568 244 2634 ὼίορίἲῑ
268 2570 443 2634 quidem
463 2568 680 2633 saepissime
706 2569 802 2632 post
830 2568 916 2615 dies
948 2573 1130 2633 integros
1148 2584 1257 2616 totas
1284 2588 1458 2634 quoque
1481 2575 1627 2619 moeres
1644 2578 1733 2638 pie—

0 2654 3 2679 :
63 2645 67 2698 ξ
90 2649 146 2682 tas
157 2635 208 2683 ad
223 2635 521 2684 confitendum
540 2637 888 2681 concurrentium
921 2633 1088 2681 nostros
1112 2634 1331 2699 peruigiles
1350 2635 1531 2685 detinuit
1548 2674 1558 2683 .
1600 2642 1728 2703 Iapo-

63 2707 68 2732 '¹
90 2715 157 2748 nes
174 2701 388 2766 digerendi
414 2706 457 2749 in
479 2717 676 2764 tempora
693 2708 736 2747 ὃς
755 2698 889 2745 classes
916 2699 1051 2759 fuere,
1084 2704 1211 2747 etiam
1229 2703 1335 2748 dum
1357 2706 1526 2766 tyranni
1542 2702 1673 2751 rabies
1687 2707 1732 2752 in

64 2755 68 2823 l
90 2783 156 2814 eos
172 2766 340 2829 saeuiret,
353 2786 460 2826 non,
480 2785 532 2813 ne
553 2782 754 2811 numerus
773 2763 1061 2811 obseruaretur
1084 2771 1094 2819 (
1113 2769 1186 2829 qui
1213 2764 1336 2813 celari
1357 2784 1445 2814 non
1468 2780 1644 2830 poterat)
1665 2769 1734 2819 sed

64 2850 68 2868 2
90 2835 185 2895 quia
201 2833 514 2880 confluentium
542 2830 627 2895 ipsa
646 2828 724 2877 fibi
751 2829 950 2878 obstabat
981 2829 1216 2878 multitudo
1231 2872 1242 2891 ‚
1270 2850 1364 2896 quae
1383 2834 1586 2882 accessum
1606 2839 1734 2882 inter-

0 2918 3 2922 ’
47 2893 279 2946 ‚2⁵>cludebat
303 2899 551 2964 postremis,
584 2894 797 2959 prioribus
826 2895 1078 2960 regressum.
1120 2899 1244 2959 Quid
1277 2902 1362 2944 iam
1384 2904 1614 2958 miremur,
1641 2900 1671 2948 si
1689 2906 1736 2949 in

65 2983 69 2999 ν
91 2961 340 3026 quibusdam
372 2969 550 3028 Europae
578 2961 679 3009 locis
706 2960 871 3025 perdius
899 2960 1003 3024 saepe
1029 2970 1072 3009 ὃς
1099 2980 1257 3025 pernox
1282 2963 1407 3011 fuerit
1424 2965 1669 3013 nostrorum
1689 2970 1736 3012 in

65 3037 69 3091 ξ
91 3025 170 3074 hoc
187 3033 347 3092 pietatis
359 3028 504 3076 officio
517 3026 651 3087 labor,
661 3046 735 3073 nec
757 3025 809 3073 ad
827 3025 1010 3074 curanda
1027 3045 1202 3091 corpora
1227 3028 1407 3092 spatium
1427 3030 1602 3090 dederit,
1621 3049 1697 3077 nec
1710 3030 1735 3078 ἃ

65 3101 69 3127 ³
91 3091 340 3157 quibusdam
362 3095 457 3142 ante
479 3094 527 3143 fit
541 3091 792 3140 intermissus
809 3092 941 3157 quam
969 3110 1040 3156 per
1063 3092 1266 3141 morbum
1286 3094 1607 3160 abruptus,cum
1622 3096 1736 3158 apud

0 3203 4 3206 ,
91 3159 324 3222 neophytos
359 3163 402 3207 in
442 3163 532 3226 ips-3
558 3176 733 3225 quoque
768 3156 963 3207 barbari-3
1002 3164 1224 3207 materiam
1258 3159 1378 3226 aeque
1418 3161 1634 3224 copiosam
1670 3163 1735 3206 in-

6 3244 8 3246 ·
66 3228 269 3275 luenerit?

66 3283 70 3348 f
155 3293 194 3336 Si
219 3295 304 3338 iam
333 3291 662 3355 quorumdam&
686 3293 890 3338 Societate
908 3292 1086 3337 eximios
1105 3289 1324 3355 felicesque
1343 3294 1384 3336 in
1404 3287 1487 3337 hoc
1508 3306 1658 3354 genere
1675 3286 1735 3338 la-

0 3401 3 3403 .
67 3361 71 3386 1
95 3348 208 3401 bores
250 3356 392 3405 referre
428 3357 643 3422 speciatim
678 3355 832 3412 velim,
860 3356 1124 3403 immensum
1149 3357 1258 3402 milii
1277 3372 1482 3417 campum
1501 3359 1649 3419 aperiri
1669 3359 1734 3403 via

81 3416 191 3481 *deo3
210 3417 336 3472 sedin
361 3425 483 3474 vuius
502 3422 703 3471 indefesso
728 3420 874 3470 ardore
898 3420 1135 3468 multorum
1154 3420 1344 3469 studium
1368 3418 1641 3531 adumbrass}
1657 3420 1737 3466 suf-

993 3486 1035 3532 A
1050 3504 1071 3533 a
1088 3505 1111 3532 a
1151 3503 1166 3536 z
1647 3489 1736 3531 ciet.
