2321 4013
499 279 600 334 876
741 281 979 324 IMAGO
1022 276 1230 318 PRIMI
1277 269 1549 313 SAECVLI
1594 269 1749 310 SOC.
1804 266 1970 310 IESV.

495 364 746 407 Societatem
767 359 950 420 respexit.
996 360 1107 415 Ergo
1131 369 1202 415 per
1219 349 1403 395 caussam
1427 348 1585 409 negotij
1614 363 1714 392 cum
1730 343 1849 409 Rege
1874 343 2150 411 transigendi,

493 426 662 489 acceptfi
680 423 734 471 ab
753 420 997 470 Alexandro
1024 414 1241 463 Parmensi
1261 417 1451 475 Principe
1464 410 1683 474 potestate,
1701 415 1744 456 in
1765 409 2021 473 Hispaniam
2052 430 2151 477 proa

493 491 644 546 feam,
662 494 704 535 in
719 491 968 533 Societatem
987 483 1062 529 sest:
1081 477 1528 541 abdidit3expletoc'1ue
1542 478 1788 534 Tirociuio,
1801 476 1898 521 cum
1918 479 2005 523 iam
2019 483 2152 529 aetatis·

494 571 629 602 averet
648 569 809 599 annum
828 546 1092 612 trigesimum
1111 545 1362 601 secundum,
1374 541 1428 588 ad
1446 539 1718 587 recolendam
1737 541 2075 589 Moderatorum
2093 561 2154 593 at-

497 596 626 667 bitrio
647 614 972 678 Philosophiam
989 651 1001 672 ‚
1025 610 1117 658 talis
1141 608 1366 672 tantust'lue
1382 611 1446 655 vir
1461 646 1475 667 ‚
1500 622 1564 652 tot
1584 604 1701 652 libris
1723 604 1845 650 editis
1862 604 2012 667 clarus,
2029 613 2154 656 tantis

495 684 745 746 perfunctus
768 678 1135 737 honoribus‚inter
1148 674 1490 722 Dialecucorum
1511 672 1670 734 spineta
1687 671 1852 730 versati,
1871 679 1914 718 ὃς
1930 689 2030 719 cum
2046 673 2153 721 adoa

493 746 740 795 lescentibus
761 743 983 809 puerisc'lue
1007 742 1059 789 de
1074 742 1217 804 palm-„⁴1
1235 741 1443 788 decertate
1458 754 1549 782 non
1576 733 1760 781 erubuit.
1801 737 2022 783 Eximium
2043 737 2154 788 illud

494 813 575 871 est,
611 820 652 858 &
673 810 725 858 ad
758 809 940 875 gloriam
964 806 1219 874 perillustre,
1240 803 1360 870 quod
1389 803 1554 849 Iustum
1584 799 1781 864 Lipsium
1809 818 1857 846 ex
1881 803 2156 865 Lugdunenfi

495 881 759 926 Batauorum
788 875 932 923 schol-3.
959 874 1013 922 ad
1030 870 1248 921 Catholici
1277 868 1410 931 Belgij
1439 866 1754 914 nobilissimam
1776 865 2058 915 Academiam
2085 870 2156 918 susa

497 945 750 989 auctoritate
768 940 962 990 traduxit.
987 937 1186 986 Tandem
1214 936 1312 1000 post
1340 932 1524 981 docendi
1547 929 1842 996 scribendique
1859 930 2154 983 celeberrimos

498 1004 663 1056 labores
692 1010 862 1067 Duaci,
899 1004 1072 1064 Leodij,
1107 1004 1285 1063 Graecij,
1316 999 1610 1055 Salmanticae‚
1641 995 1708 1043 sed
1739 996 1949 1061 praecipue
1973 1001 2153 1063 Louanij

498 1073 758 1131 exantlatos,
794 1069 1042 1129 acutissimis
1064 1066 1213 1115 calculi
1237 1063 1491 1113 cruciatibus
1533 1063 1810 1125 consumptus
1839 1066 2016 1123 interiit,
2043 1084 2162 1114 anno>

501 1157 553 1187 M.
576 1156 658 1187 Dc.
681 1154 796 1185 vm.
817 1136 913 1183 cum
934 1139 1003 1180 vix
1024 1136 1208 1180 triennio
1228 1128 1392 1196 Lipsius
1412 1128 1642 1197 prceiuisset.

565 1207 633 1249 De
655 1202 834 1250 Thomfi
863 1197 1007 1247 Saillio
1024 1195 1283 1247 Bruxellenfi
1309 1194 1426 1245 haud
1454 1194 1548 1241 sane
1576 1212 1709 1258 pauca
1732 1190 1905 1257 sparsim
1931 1196 2019 1241 iam
2036 1212 2161 1243 com..

499 1284 736 1316 memorata
765 1264 871 1312 sunt.
912 1270 1070 1329 Qem
1093 1281 1182 1311 non
1208 1259 1301 1320 ille,
1332 1278 1377 1310 vt
1402 1260 1579 1307 Moscos
1598 1259 1824 1307 barbaram
1843 1274 2011 1323 gentem
2028 1261 2158 1309 Chri-

499 1335 639 1382 stianis
666 1337 879 1395 mitigaret
905 1329 1085 1394 legibus,
1105 1327 1298 1377 laborem
1323 1326 1463 1375 leuem
1484 1327 1630 1372 duxit?
1651 1343 1747 1389 quse
1761 1342 1849 1372 non
1864 1323 1997 1371 alacer
2013 1331 2160 1390 capitis

497 1401 558 1446 sui
583 1397 827 1445 discrimina
843 1395 1029 1442 subiuit?
1057 1399 1308 1457 Frequenter
1339 1392 1418 1439 soli
1446 1390 1523 1454 ipsl
1543 1409 1612 1454 per
1639 1389 1860 1438 inaccessas
1882 1389 2161 1458 horridasque

496 1463 632 1517 filuas,
652 1463 746 1508 feris
762 1459 1055 1508 &latronibus
1072 1459 1258 1517 infestas,
1274 1460 1410 1505 noctu
1436 1455 1818 1520 peregrinandum:
1836 1454 1977 1502 hieme
2000 1460 2042 1503 in
2059 1457 2161 1522 geli-

496 1530 560 1576 dis
575 1528 880 1576 dormiendum
905 1525 1108 1585 niuibus,
1132 1532 1175 1572 δε
1202 1522 1382 1571 vndenis
1407 1522 1642 1586 ali-quando
1660 1520 1876 1569 mensibus
1900 1526 2162 1572 continenter

497 1594 726 1641 immutat-3
751 1592 865 1641 veste
888 1589 1141 1639 versandum
1156 1591 1252 1636 fuit.
1300 1587 1486 1652 Qibus
1511 1602 1577 1634 tot
1602 1586 1832 1652 tantisq'ue,
1850 1592 2048 1651 quamuis
2062 1588 2162 1638 alias

498 1659 646 1707 firmus
666 1677 840 1723 corpore
852 1667 895 1705 &
909 1656 1117 1704 durorum
1136 1659 1313 1719 patienS,
1333 1652 1560 1699 exhaustus
1577 1654 1845 1712 aetumnis,in
1863 1652 2061 1718 Belgium
2076 1656 2164 1705 caeli

498 1725 638 1772 caussa
655 1728 900 1783 remittitur,
924 1738 1026 1770 cum
1053 1721 1256 1785 Stephani
1283 1718 1475 1766 Poloniae
1490 1720 1621 1781 Regis
1643 1718 1698 1766 ad
1717 1718 1986 1767 Parmensem
2004 1722 2166 1768 Princi-

499 1809 597 1854 pem
616 1788 776 1848 litteris,
798 1794 859 1836 vti
877 1788 1060 1836 suoloco
1072 1787 1131 1834 est
1147 1786 1400 1833 indicatum,
1448 1784 1610 1832 Exinde
1628 1787 1825 1849 Princeps
1840 1821 1855 1844 ,
1883 1783 2031 1848 quoad
2043 1790 2164 1850 vixit,

499 1855 595 1903 vsus
624 1856 683 1903 est
712 1853 857 1902 Saillio
883 1854 937 1901 ad
961 1853 1121 1901 sacram
1140 1846 1495 1914 Exomologesin,
1522 1849 1715 1915 interclue
1743 1854 1830 1897 eius
1855 1867 2009 1898 manus
2026 1851 2165 1917 supre.

500 1939 621 1968 mam
635 1925 826 1969 animam
846 1917 1022 1976 efflauit3
1040 1917 1202 1965 felicior
1218 1913 1414 1982 prosedio
1441 1932 1532 1963 tam
1552 1912 1628 1963 fidi
1644 1920 1777 1963 Patris
1795 1912 1926 1963 tutelli
1947 1919 1991 1963 in
2008 1915 2084 1964 illo
2101 1919 2164 1965 su-

499 2005 650 2050 premo
669 1991 766 2033 vitae
783 1987 897 2045 astu,
914 1985 1050 2049 quam
1069 2000 1133 2030 tot
1150 1986 1321 2031 suorum
1346 1980 1473 2029 laude
1487 1981 1743 2046 praeliorum.
1770 1981 2038 2042 Castrensem
2052 1982 2166 2030 Mis-

498 2050 660 2099 fionem
677 2051 860 2099 instituit
883 2049 1069 2109 sanlius,
1087 2068 1187 2096 cum
1205 2048 1335 2112 eaque
1353 2046 1606 2112 Collegium
1629 2045 1893 2095 Bruxellense
1911 2051 2032 2094 annis
2053 2047 2166 2096 inul-

498 2121 552 2164 tis
579 2116 774 2180 praeclare
803 2117 1073 2181 gubernatiit.
1114 2119 1233 2163 Cum
1260 2114 1480 2162 Francisco
1501 2112 1553 2160 de
1581 2111 1805 2160 Mendoza
1828 2114 2061 2178 Aragoniae
2073 2115 2165 2162 Ad-

498 2185 705 2230 mirantio
723 2183 776 2231 ad
795 2182 1006 2229 Caesarem
1023 2221 1034 2241 ‚
1054 2181 1106 2228 ad
1122 2180 1317 2228 Polonize
1337 2182 1501 2245 Regem
1516 2218 1530 2239 ‚
1556 2179 1610 2226 ad
1623 2178 1918 2226 Archiducem
1936 2179 2164 2227 Ferdinan-

498 2248 629 2307 dum,
658 2266 757 2296 eum
784 2252 860 2313 qui
894 2248 1039 2313 postea
1069 2250 1306 2311 Imperator
1332 2247 1412 2293 fuit
1444 2264 1495 2292 eo
1520 2250 1700 2293 nomine
1726 2245 1975 2304 Secundus,
2000 2244 2166 2295 Alberti

502 2315 707 2378 Principis
732 2314 837 2361 iussu
858 2315 1069 2378 profectus
1087 2313 1162 2372 est,
1183 2321 1225 2360 &
1238 2311 1405 2377 aliquot
1425 2310 1521 2375 post
1539 2315 1658 2358 annis
1673 2306 1850 2357 Parisios
1866 2328 1964 2357 cum
1980 2311 2166 2359 Arscho-

503 2395 606 2425 tano
622 2382 747 2426 Duce
763 2420 776 2440 ‚
809 2378 1107 2444 Atenbeigico
1123 2381 1325 2434 Comite‚
1362 2376 1593 2424 Ludouico
1612 2375 1873 2441 Velasquio‚
1896 2374 2073 2423 Praefide
2089 2380 2167 2426 Ri-

504 2442 734 2505 chardoto,
751 2444 804 2493 ad
827 2449 940 2510 pacis
964 2444 1126 2492 foedera
1142 2449 1250 2492 inter
1267 2444 1485 2507 Hispaniae
1512 2441 1751 2506 Galliettfiue
1773 2442 1909 2504 Reges
1927 2440 2163 2491 sancienda.

504 2510 696 2557 Mortem
713 2511 832 2558 suam
859 2508 1082 2575 praesensit,
1100 2509 1390 2574 praedixitqtie.
1424 2511 1471 2555 ln
1485 2506 1598 2568 aul-a,
1617 2509 1713 2572 post
1731 2507 1896 2556 auditas
1914 2510 2164 2572 Principum

505 2573 767 2623 feminarum
792 2576 1072 2624 confessiones
1091 2616 1102 2635 ‚
1120 2575 1173 2622 de
1201 2593 1321 2622 more
1350 2571 1604 2638 operabatur
1628 2573 1764 2634 sacris,
1783 2572 1953 2637 iamque
1966 2572 2165 2626 diuinum

506 2657 664 2701 panem
685 2649 727 2688 δε
744 2641 916 2689 calicem
936 2640 1178 2703 sumpserat,
1192 2640 1288 2687 cum
1311 2642 1449 2687 taetus
1468 2636 1646 2702 paralysi
1659 2637 1864 2686 concidit.
1896 2640 2049 2703 Ingens
2063 2658 2168 2687 mox

505 2719 607 2750 toto
633 2723 832 2769 gynaeceo
853 2706 1015 2753 clamor
1035 2715 1077 2753 ὃς
1099 2704 1399 2769 comploratio.
1440 2708 1648 2752 Certatim
1675 2720 1884 2753 accurrere
1910 2721 2088 2762 omnes,
2120 2712 2166 2752 δε

510 2785 744 2817 extremam
762 2771 783 2818 a
801 2771 949 2819 sanffi'to
967 2771 1041 2817 suo
1060 2775 1177 2818 Patre
1195 2777 1205 2825 (
1223 2768 1279 2817 sic
1306 2768 1563 2835 compellare
1587 2788 1754 2817 morem
1777 2765 2015 2827 habebant)
2032 2786 2168 2831 petere

510 2833 877 2883 benedictionem.
925 2835 1147 2882 Archidux
1161 2836 1336 2885 Isabella
1356 2835 1524 2884 vetabat
1540 2839 1706 2883 moueri
1724 2834 1836 2893 loco;
1853 2851 1895 2882 at
1909 2832 1991 2898 ipse
2014 2833 2167 2882 Colle-

511 2903 635 2963 gium
655 2901 813 2964 palatio
830 2901 1102 2964 preoptabat.
1152 2908 1309 2967 Qare
1325 2905 1430 2949 inter
1449 2898 1689 2950 aulicorum
1709 2919 1862 2948 manus
1883 2899 2069 2947 domum
2092 2899 2168 2948 de-

507 2981 717 3028 portatus,
733 2966 921 3030 fugiente
934 2965 1082 3014 sensim
1098 2965 1559 3032 vitfi‚placidissiine,ad
1575 2965 1774 3014 laborum
1786 2966 1956 3013 suorum
1974 2969 2166 3029 praemia,

507 3027 697 3077 decessit.
723 3027 834 3077 Illud
859 3030 1001 3077 Saillio
1018 3033 1222 3079 diuinitus
1237 3032 1425 3080 accidisse
1442 3049 1716 3080 memoratur.
1733 3035 1956 3097 Ingentem
1971 3035 2063 3078 vim
2078 3031 2168 3078 san-

507 3099 652 3159 guinis
682 3095 806 3159 rupta
829 3095 934 3142 tibi-3.
957 3094 1175 3144 effuderat.
1210 3097 1483 3162 desperabant
1514 3097 1708 3158 Medici,
1734 3114 1824 3144 non
1850 3113 1984 3157 aeger:
2014 3114 2167 3144 conce-

507 3177 587 3222 pto
609 3161 663 3208 ad
691 3164 921 3225 Virginem
943 3159 1295 3225 Aspricollensem
1319 3179 1443 3221 vot0‚
1468 3162 1710 3226 praesentem
1736 3159 1856 3208 illam
1880 3160 2062 3225 spe6‘tare
2089 3160 2169 3210 fibi

506 3224 616 3272 visus
639 3226 722 3286 est,
749 3244 850 3275 cum
871 3223 1038 3273 tutelari
1060 3224 1131 3272 sua
1156 3225 1325 3290 praeside
1350 3227 1535 3275 Barbara
1550 3268 1564 3288 ,
1599 3237 1642 3275 &
1660 3225 1806 3274 audire
1823 3226 2036 3274 dicentem
2062 3225 2166 3274 Filio

505 3287 580 3337 suo
602 3292 642 3336 C
658 3309 691 3338 H
710 3307 773 3341 RI
791 3307 898 3340 sTo
929 3293 1153 3338 Domino:
1184 3296 1276 3340 Sine
1312 3295 1408 3339 hunc
1441 3295 1604 3356 nostrum
1620 3291 1819 3357 sbruulum
1854 3291 2051 3358 aliquanto
2077 3292 2166 3340 dtu-

505 3354 586 3404 tias
617 3361 793 3406 viuere.
839 3359 960 3407 Vixit
998 3355 1126 3422 porro
1169 3355 1224 3405 ad
1254 3358 1533 3406 Medicorum
1561 3359 1811 3424 stuporem,
1846 3356 1991 3406 multo
2030 3359 2163 3438 quarn

2046 3438 2162 3473 antea

2271 3349 2274 3400 Ξ

2271 3459 2274 3489 1

2271 3493 2274 3544 l
