2326 4080
196 311 392 353 LIBER
430 309 700 351 PRIMVS.
760 306 1099 349 SOCIETAS
1133 308 1468 350 NASCENS.
1582 312 1685 360 103

55 390 175 451 fungi
192 384 315 432 velit:
348 383 409 431 sin
437 386 577 430 minus
595 422 608 442 ‚
633 382 856 448 pergatq'ue
874 386 917 428 in
936 381 1131 439 delictis,
1159 379 1221 426 ob
1248 399 1342 444 quae
1369 401 1416 429 vc
1451 383 1690 448 plurimum

56 457 345 508 dimittuntur,
359 454 495 512 poenis
512 449 651 513 potius
669 447 766 496 tales
781 447 1021 495 insolentias
1041 445 1277 493 fraenandas
1303 446 1379 492 effe
1393 485 1406 506 ,
1428 450 1560 512 quam
1586 469 1691 514 prce-

56 522 148 569 mio
170 515 507 562 remunerandas.

119 581 264 628 Tettio
279 616 292 636 ,
311 578 497 638 accedit,
515 582 768 626 Societatem
793 581 1006 624 maximos
1026 576 1221 639 sumptus
1234 614 1247 635 ,
1273 573 1398 623 nullo
1426 575 1501 623 suo
1524 578 1696 627 emolu-

55 662 232 705 mento,
258 651 303 692 in
331 643 490 691 alendis
517 642 670 691 talibus
689 646 941 690 Nouitiatus
969 661 1017 689 ac
1044 641 1288 689 studiorum
1313 658 1537 705 tempore,
1566 660 1694 707 atque

55 717 99 761 in
128 710 289 775 reliquo
330 713 458 755 etiam
483 713 640 774 quoin
670 708 741 756 ill-a
773 712 967 756 vixerunt
998 724 1216 755 annorum
1252 706 1425 754 decursu
1454 706 1617 768 tuhss'e,
1648 726 1695 757 vt
1756 743 1758 745 >

55 779 212 842 peracti
239 774 433 838 sumptus
461 773 592 838 longe
629 774 927 821 emolumenta
956 773 1171 837 superent:
1199 788 1247 819 vt
1277 770 1435 818 merito
1462 776 1581 836 queri
1605 791 1695 820 non

55 840 236 907 poslint3
258 838 444 887 maxime
472 838 570 886 cum
586 857 658 887 aut
673 839 733 887 ob
751 837 906 886 delicta
923 856 1015 885 non
1042 837 1175 896 leuia,
1203 853 1276 885 aut
1299 838 1551 903 importuna
1575 855 1698 902 roga-

57 913 172 955 tione
197 907 484 953 dimittantur.

122 970 290 1034 Quarto
306 1011 318 1031 ‚
349 988 490 1034 neque
518 974 654 1018 maior
676 968 847 1016 videtur
873 967 997 1015 inesse
1023 971 1221 1015 Societati
1250 965 1487 1031 obligatio,
1505 965 1699 1015 dimissos

57 1036 116 1086 ob
133 1034 306 1099 culpam
333 1035 502 1095 alendi,
529 1036 661 1100 quam
688 1035 825 1081 Indici
850 1051 946 1092 em,
973 1053 1081 1098 quos
1102 1033 1163 1080 ob
1183 1033 1459 1080 manifestum
1486 1032 1697 1083 deliCtum

58 1100 273 1151 Beneficio
311 1117 383 1148 aut
419 1100 620 1147 Clericali
652 1099 779 1147 titulo
815 1102 1024 1161 priuauit,
1062 1099 1390 1163 damnauitque.
1439 1100 1598 1163 Neque
1634 1115 1707 1146 ta-,

57 1185 155 1215 men
175 1165 400 1231 quisquam
425 1166 733 1213 damnatorum
759 1163 911 1212 talium
937 1167 1131 1213 Iudicem
1157 1163 1279 1228 super
1306 1162 1519 1211 alimentis
1543 1182 1700 1212 conue-

57 1237 144 1280 nire
167 1231 399 1278 consueuit.

125 1297 322 1360 Qum),
351 1304 394 1343 δε
420 1293 514 1343 sane
539 1295 812 1343 durissimum
836 1294 969 1353 foret,
993 1297 1248 1341 Societatem
1275 1292 1329 1342 ad
1358 1293 1592 1358 praestanda
1621 1294 1700 1343 ali-

58 1380 202 1411 menta
226 1367 357 1409 teneri
373 1380 537 1421 eorum,
554 1379 660 1425 quos
682 1361 742 1408 ob
759 1378 849 1407 non
867 1359 976 1407 leues
1005 1359 1149 1423 culpas
1174 1360 1368 1407 dimittit.
1402 1363 1561 1425 Neque
1582 1365 1701 1408 enim

59 1427 281 1492 quisquam
305 1426 489 1474 aliorum
520 1425 745 1474 Ordinum
775 1441 943 1472 tenetur
966 1424 1019 1471 ad
1043 1424 1248 1471 alendum
1275 1443 1345 1471 eos
1359 1463 1372 1484 ,
1395 1443 1505 1489 quos
1529 1427 1556 1474 a
1581 1426 1702 1474 Reli-

60 1498 188 1557 gione
217 1492 285 1539 sua
310 1492 369 1540 ob
398 1491 552 1539 deliCta
577 1491 845 1554 przescindit:
876 1495 977 1555 qui,
1006 1487 1038 1537 ss
1067 1507 1127 1536 res
1155 1488 1330 1553 propius
1366 1491 1702 1553 considerentur,

62 1556 201 1605 multo
219 1557 357 1621 plures
381 1561 426 1604 in
451 1555 626 1621 lingulis
653 1560 926 1621 reperientur,
941 1555 1074 1620 quam
1096 1560 1171 1619 qui
1192 1555 1215 1603 a
1240 1558 1447 1602 Societate
1472 1557 1703 1604 dimittun-

63 1639 153 1680 tur;
179 1622 366 1670 maxim&
391 1621 422 1670 fi
449 1639 770 1685 componantur
803 1639 904 1669 cum
936 1626 1010 1680 iis,
1032 1625 1107 1685 qui
1123 1621 1147 1669 a
1173 1624 1379 1668 Societate
1404 1620 1562 1669 dimiffi
1581 1661 1592 1681 ,
1612 1641 1703 1669 me-

62 1688 141 1735 diis
156 1688 339 1736 viuendi
362 1706 525 1736 carent:
551 1686 650 1736 cum
677 1705 822 1736 tamen
842 1687 1031 1751 plerique
1051 1689 1312 1751 eorum,qui
1335 1687 1361 1734 a
1386 1685 1558 1751 reliquis
1586 1687 1706 1736 Reli-

63 1753 266 1819 gionibus
285 1753 616 1818 praescinduntur
631 1794 644 1815 ,
668 1772 757 1801 non
773 1753 864 1800 raro
880 1751 1069 1816 pluribus
1085 1769 1248 1817 egeant.
1276 1769 1416 1816 neque
1431 1769 1576 1800 tamen
1590 1771 1646 1818 qu
1654 1753 1704 1801 is-

63 1837 195 1883 quam
232 1819 436 1867 hac‘tenus
469 1819 628 1867 censuit
662 1819 819 1866 talibus
847 1817 1050 1866 alimenta
1087 1819 1112 1865 a
1143 1816 1451 1882 Religionibus
1481 1818 1561 1867 suis
1602 1837 1706 1883 prae-

65 1885 211 1932 standa
227 1885 329 1932 effe:
357 1903 495 1950 neque
526 1887 752 1950 quisquam
786 1885 832 1931 ea
862 1882 1166 1932 inuerecundia
1193 1892 1236 1931 &
1261 1883 1464 1944 audacia,
1495 1887 1572 1949 qui
1604 1882 1707 1933 cum

65 1949 126 1996 ob
146 1951 424 1998 manifestum
452 1955 611 1998 crimen
642 1950 697 1998 ab
723 1952 890 1998 Ordine
914 1953 1088 1996 reiectus
1112 1949 1233 2009 esset,
1259 1948 1314 1997 ab
1344 1949 1499 1996 eodem
1526 1948 1708 1998 alimen-

65 2030 107 2062 ta
136 2014 213 2062 fibi
245 2016 388 2064 deberi
429 2020 518 2064 iure
553 2017 847 2077 contenderet,
879 2033 950 2063 aut
988 2014 1141 2063 Sedem
1169 2013 1474 2078 Apostolicam
1503 2017 1624 2080 super
1656 2019 1707 2064 iis

66 2080 355 2145 compellaret.

131 2146 254 2194 Sext&
268 2184 280 2204 ‚
306 2151 477 2212 aperiret
499 2147 651 2194 deinde
674 2145 762 2194 haec
789 2145 1094 2195 alimentorum
1114 2145 1397 2210 suppeditatio
1422 2149 1541 2193 viam
1560 2144 1615 2192 ad
1634 2164 1708 2192 co-

69 2213 291 2274 gitationes
310 2214 363 2260 de
379 2212 599 2259 deserenda
614 2211 841 2275 Religione
860 2211 1164 2276 suscipiendas;
1191 2213 1378 2258 maxime
1400 2214 1507 2258 iniis
1526 2215 1601 2275 qui
1625 2215 1708 2259 mi-

70 2274 146 2323 nus
162 2277 365 2325 feruentes
382 2317 394 2336 ,
409 2277 836 2342 commodorumtffiue
854 2278 1030 2325 suorum
1049 2274 1320 2324 studiosiores
1334 2316 1346 2335 ,
1363 2274 1527 2341 otiic'lue
1543 2294 1712 2323 amato-

70 2357 129 2386 res
157 2342 261 2388 sunt.
287 2348 386 2407 Spes
402 2347 518 2389 enim
547 2343 636 2389 haec
652 2343 847 2390 alimenti
871 2362 961 2391 non
980 2360 1138 2407 paucos
1156 2338 1265 2388 forte
1294 2342 1503 2399 traheret,
1534 2346 1609 2406 qui
1637 2341 1709 2391 illa

68 2405 256 2454 destituti
276 2412 322 2455 in
343 2407 571 2472 Religione
591 2408 847 2456 detinentur.
877 2407 1090 2473 Fieretc'iue
1119 2406 1329 2471 paulatim
1344 2447 1355 2465 ,
1384 2423 1444 2464 vt,
1462 2405 1560 2453 cum
1589 2426 1713 2455 emo·

70 2469 264 2520 lumento
295 2474 379 2521 hoc
396 2512 408 2532 ,
435 2494 481 2521 ac
497 2472 616 2537 quasi
639 2473 804 2521 deserta:
827 2473 1067 2539 Religionis
1085 2477 1287 2535 praemio,
1308 2471 1444 2536 plures
1469 2477 1711 2535 prouocati,

71 2543 294 2585 vocatione
310 2538 690 2596 reli&fi‚saecultiin
715 2556 966 2603 repeterent3
985 2537 1310 2602 Collegia,quae
1332 2539 1441 2602 aegre}
1468 2537 1711 2586 admodum

71 2607 279 2664 operarios
315 2604 408 2651 suos
439 2604 694 2664 sustentant,
723 2623 930 2669 magnam
967 2603 1200 2651 neceffariae
1231 2602 1311 2649 sua:
1336 2604 1448 2650 dotis
1474 2607 1712 2665 partemin

72 2666 169 2714 tales
195 2667 489 2729 effunderent,
516 2687 605 2716 non
633 2668 718 2716 fine
742 2666 860 2734 graui
877 2670 1173 2716 Fundatorum
1194 2687 1241 2714 ac
1262 2668 1596 2715 Benefastorum
1614 2668 1718 2717 suo«

74 2748 167 2779 rum
188 2733 448 2793 offensione,
472 2739 548 2800 qui
570 2734 686 2782 dona
713 2734 783 2782 sua
811 2740 854 2782 in
873 2735 970 2782 tales
995 2733 1163 2781 nollent
1188 2733 1423 2796 profund13
1449 2752 1497 2780 ac
1529 2750 1713 2781 manum

75 2800 200 2844 etiam
219 2800 494 2859 retraherent,
513 2799 886 2867 eleemosynasque
900 2815 1106 2866 negarent
1122 2839 1135 2859 ,
1161 2817 1266 2863 quas
1294 2799 1349 2846 ad
1376 2797 1475 2846 tales
1501 2796 1714 2846 diuerten-

76 2861 148 2908 das
168 2864 242 2910 ess'e
261 2864 413 2913 merito
439 2869 570 2914 vereri
584 2865 760 2930 pollent.

142 2928 354 2991 Septimo,
381 2947 492 2978 extat
524 2939 567 2978 ὃς
594 2930 804 2978 Tolosani
834 2929 1092 2978 Parlamenti
1127 2925 1393 2975 nobilissima
1416 2926 1602 2989 decisio,
1628 2929 1715 2994 qua

79 2993 123 3036 P.
141 2992 377 3043 Claudium
396 2995 685 3057 Bernardum,
711 2995 973 3044 Prouinciali
1004 2999 1047 3042 P.
1066 2997 1228 3041 Ioanne
1255 2992 1484 3041 Gentilioa
1509 2998 1716 3042 Societate

80 3058 297 3120 egress'um,
315 3077 526 3121 petentem
538 3060 740 3109 alimenta
758 3062 780 3110 a
798 3066 1003 3109 Societate
1017 3100 1028 3121 ,
1044 3059 1253 3107 iudicauit
1268 3063 1470 3122 iniquum
1490 3058 1715 3124 postulare.

146 3125 339 3186 octaua,
366 3127 424 3174 est
451 3126 637 3191 denique
659 3136 702 3175 &
725 3126 830 3174 illud
853 3145 943 3174 non
972 3126 1073 3173 leuis
1103 3129 1317 3172 momenti
1344 3127 1389 3171 in
1413 3124 1497 3172 hoc
1523 3128 1716 3187 negotio,

82 3186 313 3248 quodsst‘tm
331 3208 445 3250 anno
467 3209 550 3238 cm.
569 3211 619 3238 ιτ).
634 3212 769 3240 xcvn.
785 3191 945 3255 Aprilis
972 3208 1081 3238 XXI.
1099 3189 1352 3237 memoriale
1369 3188 1594 3253 quoddam
1615 3188 1717 3234 Cle-

83 3256 217 3298 menti
241 3253 368 3302 felicis
396 3258 701 3305 recordationis
726 3261 872 3304 VIII.
899 3258 1149 3322 porrectum
1178 3254 1316 3302 fuisset
1341 3254 1393 3301 de
1423 3252 1718 3301 Sacerdotibus

81 3313 105 3361 a
125 3319 324 3366 Societate
350 3322 529 3369 dimissis
545 3363 557 3382 ,
589 3327 846 3386 paupertatis
876 3342 923 3371 ac
947 3323 1188 3386 Religionis
1216 3319 1345 3366 titulo
1364 3320 1567 3365 ordinatis
1585 3357 1597 3377 ‚
1616 3316 1718 3365 cum

82 3379 134 3428 ad
153 3383 376 3448 egestatem
392 3426 404 3447 2
427 3388 618 3453 adeoque
648 3397 691 3438 ὃς
720 3388 776 3437 ad
799 3389 1124 3437 mendicitatem
1141 3386 1340 3434 deuenire
1365 3382 1523 3450 poffint
1536 3408 1546 3444 3
1567 3386 1717 3494 {onti-

1587 3464 1721 3514 exque
