2326 4080
572 349 642 403 76
819 354 1059 394 IMAGO
1115 353 1321 393 PRIMI
1375 351 1646 392 SAECVLI
1694 350 1835 390 SOC.
1879 351 2043 389 IESV.
2100 363 2103 367 ¹

570 422 695 486 culp-st
713 426 886 485 Xauerij
914 423 1170 472 submersam
1194 424 1424 485 impotenti
1443 420 1594 467 dolore
1615 418 1786 467 efferata
1800 458 1812 478 ,
1838 427 1880 465 δε
1907 436 2024 466 mare
2041 418 2177 482 ipsum
2196 418 2220 466 a

571 489 846 535 daemonibus
875 489 1162 552 exasperatum
1181 527 1192 547 ,
1217 492 1260 534 in
1291 503 1427 533 vnum
1449 489 1688 532 Xauerium
1709 485 1823 533 velut
1841 484 2133 530 coniurau'cnt.
2173 488 2221 530 In

572 557 797 616 Iaponiam
823 553 1106 603 nihilominus
1132 552 1262 615 sospes
1289 551 1348 596 est
1370 550 1580 615 appulsus,
1601 559 1643 596 ὃς
1661 550 1838 613 quidem
1857 548 1923 595 die
1943 548 2160 611 assumptae
2178 554 2222 595 in

572 617 695 665 caelos
719 621 892 683 Virgini
919 618 1032 665 sacro
1051 638 1059 663 :
1080 617 1231 664 sentire
1251 632 1295 664 vt
1312 616 1458 678 pollet,
1474 619 1590 662 cuius
1606 616 1819 678 adspirans
1836 613 1958 660 fauor
1973 612 2036 660 illi
2056 613 2224 661 cursum

572 699 639 729 tot
658 688 764 730 inter
783 683 967 748 pericula
990 681 1255 730 secundass'et.

374 771 514 803 Minna
642 748 733 810 Ipsa
778 768 953 812 quoque
991 753 1037 796 B.
1059 745 1314 794 Stanissaum
1342 742 1583 803 Kostkam,
1623 746 1673 790 B.
1694 740 1923 806 Aloyfium
1952 745 2225 805 Gonzagam,

371 818 480 869 mltis
494 828 554 848 Μ’-
575 814 699 875 quale
718 832 790 876 par
808 819 1013 860 iuuenum
1030 824 1038 858 1
1058 818 1100 859 in
1119 817 1371 859 Societatem
1391 809 1555 871 ingredi
1575 806 1711 854 iussit:
1732 819 1957 871 paruerunt
1983 808 2160 866 iubenti,
2181 817 2225 856 &

371 866 557 945 {filietatem
575 879 830 925 obedientiae
848 879 1036 925 frue'tum
1059 896 1161 924 mox
1191 875 1363 922 retulere
1392 872 1562 937 publica
1606 872 1807 936 religione
1839 880 1882 918 δέ
1913 875 1990 918 aris
2020 872 2135 919 culti.
2177 877 2227 920 Et

369 938 554 1005 ing'redccn-
578 940 783 990 Stanissao
801 944 977 1007 quidem
999 942 1151 989 Filium
1182 940 1303 987 suum
1327 938 1491 1003 pueruli
1509 937 1884 1001 specie,tamquam
1910 941 2052 983 aeterni
2071 943 2228 985 amoris

371 1008 416 1041 dh
577 1008 856 1055 certissimum
885 1012 1124 1073 pignus‚iu
1162 1005 1280 1053 vlnas
1314 1002 1427 1052 vitro
1461 1003 1669 1066 deposuit.
1717 1000 1946 1065 Aloysium
1970 1002 2226 1061 nascentem,

577 1073 751 1138 eiusque
768 1072 893 1120 simul
914 1090 1094 1120 matrem
1111 1111 1123 1132 ,
1146 1072 1167 1117 ὲ
1184 1075 1281 1117 vicae
1298 1069 1540 1115 discrimine
1566 1069 1736 1125 exemit,
1753 1070 2021 1130 parturientis
2039 1084 2145 1114 voto
2160 1085 2230 1114 ex-

577 1155 709 1196 orata3
727 1156 779 1184 ne
799 1138 1014 1185 dubitaret
1039 1135 1236 1200 Aloysius
1253 1136 1484 1180 MARIAM
1502 1131 1663 1196 semper
1681 1131 1836 1179 habere
1852 1150 1930 1195 pro
1946 1148 2092 1189 matre,
2108 1135 2129 1180 a
2144 1134 2229 1196 qua

576 1207 711 1250 vitam
735 1203 951 1267 accepisset
969 1205 1106 1265 magis
1123 1238 1136 1258 ‚
1164 1200 1298 1263 quam
1325 1199 1380 1247 ab
1402 1200 1447 1244 ea
1473 1215 1567 1262 quae
1598 1196 1721 1245 illum
1747 1213 1974 1261 pepererat.
2015 1200 2109 1244 Nec
2129 1200 2230 1245 vero

576 1268 755 1332 degener
769 1269 848 1314 fuit
865 1265 997 1314 filius:
1018 1267 1214 1312 decennis
1249 1268 1366 1310 enim
1396 1263 1476 1310 sese
1500 1281 1571 1326 per
1594 1279 1746 1311 votum
1766 1263 1965 1309 castitatis
1984 1278 2111 1308 tantae
2129 1264 2231 1309 Ma-

577 1338 645 1379 tris
670 1333 880 1396 obsequio
896 1330 1173 1378 consecrauit.
1205 1329 1356 1377 Felices
1372 1327 1562 1375 nimium
1588 1332 1784 1387 iuuenes,
1801 1327 1958 1391 quibus
1984 1328 2229 1391 praesentem

577 1397 720 1446 videre
755 1396 874 1444 licuit
893 1399 1122 1444 MARIAM
1137 1435 1150 1456 ,
1179 1394 1353 1459 eiusque
1370 1412 1496 1441 voces
1515 1394 1658 1440 audire
1675 1411 1769 1457 quae
1794 1391 1963 1439 Caelites
1990 1392 2100 1456 ipsos
2118 1392 2232 1439 mul-

576 1479 671 1509 cent
700 1478 825 1527 atque
851 1461 1086 1510 obleetant.
1127 1465 1280 1524 Ingens
1310 1459 1380 1505 hic
1397 1459 1518 1506 fauor
1534 1458 1638 1519 filit,
1661 1458 1798 1523 eoque
1823 1462 1985 1517 maior,
2014 1462 2114 1521 quia
2138 1476 2228 1505 non

577 1525 672 1574 solis
694 1526 921 1574 conceffus.
961 1525 1038 1573 llla
1057 1524 1219 1572 Iacobo
1237 1523 1461 1580 Ledesma‚
1491 1527 1616 1570 Petro
1633 1526 1827 1579 Analco,
1855 1523 2103 1570 Sebastiano
2131 1527 2232 1570 Bat-

579 1592 715 1649 radas‚
738 1591 1013 1656 aliisqtienon
1039 1595 1182 1655 paucis
1209 1594 1254 1636 in
1281 1593 1532 1636 Societatem
1558 1588 1828 1653 ingrediendi
1844 1589 2111 1644 amm-fuit,
2131 1606 2233 1652 gau-

581 1658 707 1703 dium
731 1657 1033 1705 &felicitatem
1053 1656 1170 1703 suam
1195 1674 1285 1703 non
1302 1653 1564 1718 capientibus
1577 1690 1590 1710 ‚
1610 1652 1728 1717 quod
1745 1652 1874 1700 talem
1892 1652 2031 1699 salutis
2056 1653 2135 1699 suae
2153 1653 2232 1700 du-

581 1738 677 1768 cem
692 1720 818 1769 simul
841 1729 885 1770 &
911 1721 1110 1768 obsidem
1139 1723 1256 1768 naCti
1274 1720 1414 1767 essent.
1454 1718 1530 1766 Illa
1555 1722 1668 1766 Patri
1685 1718 1875 1765 Tliomae
1892 1718 2079 1765 Sanchez
2096 1719 2232 1765 sustu-

578 1784 628 1833 lit
659 1786 925 1844 balbutiem3
963 1790 1209 1844 Societatis,
1243 1803 1376 1849 quam
1405 1787 1529 1831 omni
1557 1783 1776 1848 expetebat
1810 1800 1937 1842 voto,
1972 1801 2060 1830 non
2088 1785 2230 1831 miuus

578 1851 714 1914 quam
733 1851 889 1916 liuguae
906 1850 1284 1916 impedimentum.
1324 1849 1404 1897 Sed
1424 1850 1717 1913 paucorumne
1733 1849 1823 1895 haec
1845 1848 1905 1896 est
1926 1848 2114 1896 felicitas?
2136 1847 2232 1912 plu-

579 1919 790 1964 rimorum
808 1918 916 1977 fuit,
935 1924 979 1964 ὃς
996 1914 1172 1964 fortassis
1201 1918 1422 1962 omnium.
1461 1913 1818 1979 Quotusquisque
1841 1919 1959 1961 enim
1987 1914 2180 1962 nostrum
2206 1915 2232 1964 εἰ

579 1981 772 2029 MARIA
796 1982 836 2030 se
862 1999 1038 2046 quoque
1064 1982 1119 2028 ad
1144 1985 1396 2028 Societatem
1425 1996 1514 2027 non
1533 1978 1655 2027 sensit
1672 1977 1835 2042 impelli
1851 1977 2041 2039 ‚etiamsi
2057 1978 2230 2028 vultum

580 2046 784 2095 adstantis
803 2066 894 2095 non
920 2047 1076 2095 viderit
1090 2085 1102 2106 ,
1126 2064 1279 2093 vocem
1298 2049 1544 2109 imperantis
1562 2063 1651 2092 non
1669 2045 1867 2093 audierit?
1883 2047 1980 2092 Nec
1997 2045 2153 2091 temere
2166 2046 2232 2093 di-

580 2129 633 2156 co
655 2131 806 2159 omnes
824 2109 1002 2159 fortaffis
1027 2111 1051 2158 a
1069 2112 1257 2158 MARIA
1283 2115 1446 2170 vocari,
1469 2111 1587 2170 cum,
1603 2110 1721 2174 quod
1739 2110 1839 2157 huic
1855 2110 1987 2174 prope
2006 2113 2230 2172 geminum

378 2174 451 2221 Qi
475 2172 562 2205 MA·
580 2175 655 2236 est,
678 2181 887 2241 B.Borgia
911 2177 1108 2224 censuiffe
1123 2176 1330 2224 videatur.
1370 2179 1407 2222 Is
1431 2181 1545 2222 enim
1564 2175 1662 2223 cum
1684 2174 2021 2239 deprehendiffet
2036 2174 2233 2240 aliquana-

377 2230 562 2304 szzjzumpa-
579 2241 639 2288 do
666 2245 822 2289 tirones
849 2241 1084 2289 nonnullos
1100 2281 1111 2300 ,
1142 2246 1217 2305 qui
1241 2245 1474 2305 Deiparam
1498 2258 1587 2287 non
1611 2239 1855 2305 delegissent
1877 2256 2128 2303 patronam,
2146 2239 2230 2287 illis

378 2330 437 2351 non
451 2318 551 2371 elfge—
580 2305 693 2353 male
707 2311 1091 2366 metuens,1n0nuit
1110 2308 1322 2372 Magistru
1330 2326 1372 2353 m
1384 2309 1625 2354 Nouitioru
1633 2324 1674 2351 m
1689 2343 1702 2362 ,
1718 2322 1765 2353 vt
1779 2323 1931 2352 eorum
1950 2305 2069 2352 saluti
2088 2309 2231 2368 praeci-

378 2368 560 2444 Y4''2‘Z‚‘{i‘’‘
582 2371 664 2434 pue
691 2372 948 2434 inuigilaret.
976 2371 1074 2418 Plus
1098 2373 1232 2435 quam
1256 2372 1506 2435 praesagium
1536 2371 1703 2419 videtur
1729 2370 1801 2417 hic
1829 2369 1964 2417 saneti
1990 2374 2070 2417 viri
2094 2369 2230 2418 sensus

369 2424 562 2507 fiammae&
579 2436 725 2494 fuiffe,
747 2436 809 2484 illi
829 2436 906 2500 ipsi
931 2437 1171 2483 defecerunt
1197 2455 1372 2495 omnes,
1397 2453 1543 2500 vtpote
1558 2453 1744 2500 quorum
1769 2452 1840 2483 aut
1858 2433 2114 2499 inauspicata
2145 2453 2230 2484 erat

581 2506 772 2560 vocatio,
789 2518 862 2548 aut
881 2502 1096 2565 punienda
1118 2503 1381 2564 ingratitudo
1397 2500 1657 2549 beneficium
1679 2504 1868 2563 Virginis
1892 2519 1981 2546 non
2000 2500 2231 2564 agnoscen-

579 2570 708 2613 tium:
732 2565 953 2614 infelicitas
971 2567 1074 2614 vero
1087 2565 1138 2612 (ῖό
1165 2565 1582 2629 iiiiserabilior‚qiiod
1598 2583 1649 2612 ne
1671 2565 2018 2630 monitiquidem
2042 2570 2230 2623 Virginis

580 2631 774 2678 fauorem
793 2631 871 2679 fibi
890 2632 1084 2678 demeriti
1102 2632 1272 2678 fuerint.
1294 2632 1347 2678 ad
1365 2649 1493 2695 quem
1511 2630 1803 2678 obtinendum
1821 2629 1955 2694 prope
1973 2630 2064 2677 satis
2079 2628 2138 2679 est
2150 2631 2231 2678 oba

580 2700 713 2743 tinere
736 2715 834 2743 eum
853 2696 987 2745 velle:
1019 2700 1211 2743 minimis
1243 2700 1360 2744 enim
1387 2695 1599 2760 obsequiis
1618 2700 1781 2760 capitur
1810 2698 1971 2759 Virgo,
2005 2695 2230 2761 multoque
2279 2711 2285 2718 ‘

581 2766 719 2825 magis
734 2762 902 2809 festinat
918 2760 1124 2809 beneficia
1142 2762 1345 2821 conferre,
1360 2760 1491 2825 quam
1508 2759 1705 2808 mortales
1729 2775 1802 2808 aut
1822 2778 1960 2823 petere
1975 2777 2045 2807 aut
2068 2765 2230 2825 accipe-

582 2841 637 2871 re.
674 2829 815 2874 Huius
841 2842 930 2873 tam
960 2842 1176 2890 prompta:
1200 2825 1435 2872 clementia:
1453 2825 1649 2889 praeclare
1677 2824 1842 2872 conscia
1865 2830 2063 2884 Societas,
2082 2825 2231 2873 simul-

578 2889 663 2955 quc
688 2894 920 2954 Ignatianae
938 2895 1103 2953 pietatis
1134 2891 1248 2938 lieres
1265 2928 1278 2948 ,
1313 2893 1466 2938 Matris
1482 2894 1670 2954 Virginis
1689 2890 1806 2954 paene
1830 2910 1919 2939 non
1938 2891 2077 2937 minus
2095 2890 2228 2954 quam

582 2957 689 3002 IEsv
710 2955 797 3016 Filij
819 2954 1024 3019 obsequio
1049 2955 1126 3002 sese
1143 2972 1281 3003 totam
1301 2955 1573 3002 consecrauit.
1611 2961 1906 3020 Quocumque
1924 2955 2010 3019 ipsa
2024 2972 2228 3019 penetrat,

583 3021 774 3085 Virginis
791 3038 883 3066 eam
904 3019 1037 3066 cultus
1058 3025 1300 3067 comitatur:
1322 3020 1530 3068 omnibus
1550 3021 1664 3067 hunc
1682 3019 1878 3078 inculcat3
1896 3020 2011 3067 hunc
2026 3039 2146 3078 voce,
2161 3041 2230 3069 ea-

582 3083 717 3142 lamo,
735 3085 933 3148 exemplo
949 3089 1057 3131 inter
1075 3085 1357 3132 Orthodoxos
1377 3102 1600 3149 propagat,
1615 3089 1720 3132 inter
1736 3087 1951 3133 haereticos
1969 3103 2227 3150 propugnat,

585 3149 907 3197 &immensum
925 3149 1083 3212 vbique
1102 3154 1324 3212 pietatisin
1351 3150 1460 3198 hauc
1485 3151 1680 3197 ardorem
1705 3151 1727 3196 ὲ
1747 3149 1954 3210 flammis,
1968 3151 2123 3215 quibus
2141 3151 2228 3209 ipsa

385 3238 560 3283 confidam
585 3215 718 3271 ardet,
737 3214 940 3261 accendit.
990 3214 1279 3278 Qantopere
1295 3215 1380 3262 hoc
1402 3219 1499 3279 igne
1526 3213 1713 3278 flagtaffe
1734 3216 2026 3263 existimamus
2048 3216 2229 3263 Gonsal-

387 3288 551 3340 Stlnssria·
586 3299 692 3327 uum
709 3278 963 3327 Silueriam?
988 3284 1064 3343 qui
1080 3282 1269 3343 Virginis
1286 3284 1521 3344 imaginem
1548 3279 1944 3328 rarononhabebat
1967 3284 2010 3326 in
2025 3281 2227 3328 manibus

385 3334 550 3415 ξλῗέᾗὲω
585 3361 658 3392 aut
675 3349 718 3391 in
734 3343 886 3405 oculis,
903 3344 1036 3408 ipsam
1055 3347 1097 3390 in
1114 3348 1264 3390 animo
1281 3345 1465 3408 semper:
1494 3364 1588 3410 quse
1605 3351 1753 3408 imago
1767 3348 1874 3409 Regi
1894 3347 2226 3409 Monomotapa:

530 3406 538 3416 ⁶
584 3409 912 3471 ostensa,illum,
928 3426 974 3461 vt
989 3412 1226 3458 CHRisTo
1239 3428 1400 3458 nomen
1414 3411 1546 3472 daret,
1563 3408 1730 3475 repente
1746 3415 1982 3475 perinouit.
1998 3413 2227 3474 Virginem

2074 3474 2226 3539 ipsam,
