2321 4013
246 293 427 356 “LIBER
465 292 687 334 SEXTVS.
729 293 1004 336 SOCIETAS
1047 292 1613 342 FLANDRO-BELGICA.
1674 303 1780 353 903

133 368 218 428 gies
253 369 449 413 centenis
466 365 656 415 millibus
684 385 924 427 aureorum,
942 367 1148 417 exhausto
1166 385 1312 417 tamen
1329 369 1600 435 Reipublicae
1621 379 1783 434 aerario,

131 448 179 476 ac
193 435 457 494 priuatorum
471 433 649 479 fortunis
669 438 827 496 partim
853 434 1010 494 accifis,
1028 439 1184 498 partim
1203 433 1455 500 profligatis,
1473 439 1544 484 vix
1559 454 1784 502 pauperta-

84 498 90 501 ’
131 499 181 541 tis
198 495 280 543 suae
295 497 480 545 modum
498 497 770 563 cauffaxncjue
787 499 1016 564 assequitur
1036 539 1047 560 ,
1064 518 1239 564 magnas
1259 504 1366 548 inter
1382 520 1482 566 opes
1508 505 1648 565 inops.
1684 506 1785 550 Hoc

122 564 342 608 'nimirum
360 561 414 609 ad
432 563 659 610 cumulum
677 568 808 611 ruinae
835 564 985 613 nostrae
1000 563 1147 613 debuit
1158 566 1376 627 accedere,
1395 583 1441 616 vt
1453 585 1506 613 ne
1523 569 1699 631 quidem
1719 572 1786 615 in-

131 641 192 672 ter
214 642 281 673 tot
312 627 533 693 tantasc'lue
565 630 746 675 miserias
766 629 937 694 Belgica
955 629 1103 676 nostra
1129 632 1276 678 misera
1310 649 1383 678 aut
1414 633 1786 681 commiseratione

122 691 265 755 *digna
283 694 526 740 censeretur.
563 697 747 742 Vtinam
765 693 918 759 aliquis
932 693 1078 742 saltem
1094 694 1324 743 Marcellus
1338 700 1445 744 inter
1459 702 1607 762 patriae
1628 699 1783 746 nostrae

132 756 280 804 rudera
296 760 584 806 circumferret
597 758 764 817 oculos3
783 778 910 824 quem
933 759 1088 816 ferunt,
1109 764 1238 824 captis
1253 762 1277 808 ἒ.
1295 761 1332 807 se
1349 761 1555 826 Syracusis
1573 802 1585 823 ,
1605 764 1783 814 nobilis-

135 819 251 868 fiinae
266 823 493 886 quondam
513 824 625 872 vrbis
644 823 834 872 cladibus
861 822 1150 888 illacrymasse.
1200 826 1401 872 Gratulor
1418 826 1514 887 tibi,
1529 830 1783 890 Syracusana

132 891 298 934 ciuitas:
318 889 446 936 video
463 894 638 937 enimin
657 890 772 938 tantz'i
785 889 901 938 clade
922 888 1111 953 aliquam
1127 886 1207 936 tibi
1229 889 1470 953 gratulandi
1490 894 1681 940 relictam
1706 896 1783 941 else

133 956 374 1001 materiam.
413 953 445 1002 fi
460 956 541 1003 tibi
558 953 768 1003 incolumi
785 956 889 1003 stare
906 973 996 1002 non
1011 953 1147 1016 licuit,
1163 953 1273 1002 lente
1289 971 1442 1003 tamenu
1460 955 1688 1024 leniterque
1704 960 1782 1007 sub

132 1017 345 1067 Marcello
364 1019 487 1068 hoste
511 1038 598 1067 tam
629 1020 849 1068 mansueto
877 1018 1063 1068 cecidisti
1081 1060 1094 1080 ,
1116 1025 1192 1085 qui
1211 1028 1253 1067 &
1272 1020 1480 1086 lacrymas
1506 1023 1586 1069 tibi
1615 1023 1783 1072 cadenti

133 1084 365 1148 impendit·‚
387 1094 501 1133 &ne
516 1086 621 1150 quid
639 1089 805 1150 grauius
823 1102 1011 1150 peccaret
1024 1084 1215 1133 militaris
1234 1086 1368 1146 furor,
1380 1086 1514 1134 seuera
1528 1086 1619 1153 lege
1636 1087 1781 1137 sanxit„

134 1149 196 1196 At
215 1151 391 1198 miseriis
407 1151 558 1199 nostris
575 1170 664 1199 non
679 1151 816 1200 hostes
840 1150 1009 1200 tantum
1027 1154 1208 1212 remoti,
1225 1149 1295 1198 sed
1312 1155 1441 1200 vicini
1465 1156 1594 1200 etiam
1624 1152 1786 1217 specsta-

133 1229 242 1262 tores
262 1215 467 1275 illudunt;
487 1225 530 1263 δε
556 1217 611 1264 ab
634 1221 680 1263 iis
696 1256 709 1276 ,
736 1236 844 1282 quos
870 1217 1052 1264 minime
1067 1216 1234 1274 decuit,
1263 1218 1318 1265 ad
1338 1217 1598 1282 diripiendas
1614 1222 1786 1266 exuuias

134 1286 410 1329 concurritur:
426 1300 502 1329 nec
520 1281 671 1329 defiint
688 1286 731 1329 in
758 1281 1019 1345 quibusdam
1034 1281 1169 1346 Belgij
1189 1285 1437 1342 Prouinciis,
1452 1288 1527 1347 qui
1547 1288 1689 1331 matris
1707 1284 1788 1332 suae

136 1343 515 1395 calam'itosissimae
532 1346 663 1394 bustis
684 1347 900 1408 insultent,
919 1355 962 1394 &
978 1347 1135 1395 humili
1149 1351 1276 1394 nimis
1292 1347 1391 1395 loco
1410 1348 1448 1395 se
1464 1348 1569 1396 stare
1587 1347 1789 1397 arbitren-

134 1425 222 1470 tur,
241 1411 322 1459 nisi
341 1412 462 1477 supra
477 1416 622 1476 patriae
637 1412 717 1459 suae
738 1415 881 1459 ruinas
895 1413 1050 1478 pedem
1069 1412 1294 1478 posuerint.
1336 1413 1416 1461 Sed
1430 1418 1535 1461 inter
1549 1429 1679 1461 cetera
1693 1434 1790 1480 quae

134 1475 420 1538 recensuimus
436 1479 569 1527 tristia
588 1477 686 1525 sane
702 1497 748 1525 ac
769 1475 963 1526 luetuosa
978 1519 990 1539 ,
1011 1478 1122 1527 nihil
1142 1480 1260 1543 :eque
1278 1478 1594 1544 deplorandum
1614 1516 1625 1536 ‚
1654 1483 1790 1545 quam

135 1540 325 1605 supremi
339 1546 552 1591 Numinis
574 1548 847 1591 reuerentiam
872 1543 1125 1592 obsoleuiffe
1144 1583 1157 1604 ,
1178 1544 1285 1591 sacra
1311 1544 1667 1610 caerimoniasque
1685 1566 1793 1594 con-

137 1605 319 1656 culcatas
333 1649 346 1669 ,
368 1626 478 1664 verae
502 1628 549 1657 ac
566 1613 759 1674 genuinae
777 1609 890 1656 Fidei
905 1608 1135 1657 sementem
1154 1608 1350 1673 peruersis
1369 1610 1664 1659 liaereticorum
1682 1611 1795 1677 dog-

140 1673 331 1721 matibus
364 1673 481 1739 quasi
506 1675 653 1739 spuriis
679 1673 911 1722 seminibus
950 1673 1232 1722 adulteratam
1249 1695 1258 1721 ι
1295 1693 1469 1723 morum
1507 1675 1791 1738 honestatem,

126 1750 129 1756 '
137 1738 367 1802 pudorem,
383 1739 660 1804 Religionem
678 1739 864 1803 denique
881 1758 927 1786 ac
939 1743 1158 1804 pietatem,
1177 1755 1265 1786 non
1287 1745 1428 1804 paucis
1448 1740 1693 1804 regionibus
1709 1745 1792 1788 im-

137 1808 305 1865 potenti
321 1804 516 1851 haereseos
548 1805 779 1851 dominatu
797 1803 874 1850 esse
899 1803 1151 1867 proscripta,
1176 1804 1362 1868 denique
1383 1804 1522 1852 nescio
1546 1824 1679 1870 quam
1701 1804 1793 1853 bar-

141 1868 304 1917 bariem
321 1869 467 1917 multis
493 1869 596 1917 locis
613 1872 850 1916 inuectam.
889 1872 996 1916 Haec
1011 1866 1044 1917 fi
1067 1869 1210 1935 segnes
1231 1877 1275 1916 δε
1293 1872 1441 1934 ignaui
1459 1869 1790 1932 dissimulamus,

138 1937 195 1991 R.
211 1937 266 1981 R.
286 1938 443 1993 PatreS,
462 1934 658 2000 profesto
689 1933 808 1981 nulla
826 1938 870 1981 in
889 1932 1016 1981 nobis
1036 1940 1123 1981 veri
1148 1933 1232 1981 zeli
1260 1933 1439 1983 scintilla
1464 1932 1627 1984 residua
1650 1937 1735 1985 est:
1759 1937 1790 1986 fi
1817 1941 1918 1991 Belgis
1932 1945 1995 1976 mi*

125 2011 230 2048 'non
243 2000 310 2048 his
325 2005 453 2048 tantis
471 2000 700 2065 dispendiis
717 1999 770 2046 ad
798 1999 935 2047 diuini
953 1997 1130 2047 honoris
1147 1999 1355 2048 vindicias
1371 2004 1604 2048 excitamur
1618 2042 1629 2060 ,
1653 2000 1684 2050 si
1701 2022 1789 2052 non
1810 1992 1897 2072 sex
1909 1993 1969 2085 {f}

140 2066 194 2113 ad
214 2063 403 2114 haeresim
422 2066 770 2130 expugnandam,
790 2073 833 2112 ὃς
850 2063 1122 2131 profliganda
1135 2068 1253 2122 vitia,
1267 2069 1311 2112 in
1324 2063 1472 2126 solem,
1489 2070 1532 2113 in
1551 2066 1788 2131 puluerem,
1813 2050 1942 2121 {²53de

140 2136 187 2178 in
202 2136 337 2179 aciem
348 2133 585 2195 prodimus3
608 2129 779 2178 nullum
792 2148 899 2178 verae
925 2129 1060 2178 laudis
1074 2131 1248 2195 gustum
1265 2130 1493 2178 habemus.
1532 2134 1623 2179 Aut
1641 2130 1673 2181 si
1694 2151 1787 2180 tan-
1812 2148 1865 2168 ΗΜ
1890 2134 2001 2169 debent

141 2198 373 2259 ta·diuinae
395 2197 633 2244 Maiestatis
661 2199 838 2254 iniuria,
856 2212 921 2243 tot
947 2200 1190 2243 animarum
1217 2199 1420 2260 pernicies
1436 2236 1449 2256 ,
1478 2213 1566 2244 ram
1591 2196 1788 2247 luftuosa
1812 2195 1942 2217 ''mm“

141 2266 285 2326 patriae
304 2262 455 2310 nostrae
468 2263 590 2310 facies
613 2262 866 2309 excutiendo
890 2265 1053 2325 torpori
1067 2262 1215 2309 nostro
1228 2280 1317 2309 non
1335 2260 1561 2320 sufficiunt3
1572 2282 1679 2326 quos
1694 2281 1791 2312 tan-

142 2327 244 2376 dem
262 2327 458 2378 stimulos
485 2329 802 2390 exspectamus?
832 2330 1034 2391 Legimus
1063 2325 1188 2388 olim,
1203 2327 1346 2374 euerso
1378 2327 1689 2393 religiofiffimo
1715 2329 1791 2378 illo

130 2391 358 2459 'fimulciue
385 2391 683 2459 augustissimo
717 2391 999 2456 Solymorum
1028 2393 1211 2456 templo,
1239 2396 1388 2440 Deum
1419 2396 1654 2458 praecepisse
1688 2399 1793 2443 Eze-

144 2457 296 2506 c'hieli:
314 2459 388 2508 Fili
404 2463 579 2520 hominis,
593 2459 735 2523 ostende
750 2459 876 2507 domui
897 2457 1010 2523 lfi‘ak'l
1021 2459 1217 2525 templum,
1233 2472 1287 2512 ζῇ·
1309 2457 1524 2523 erubefiant
1548 2480 1596 2507 ex
1620 2462 1793 2509 omnibns
1818 2472 1975 2507 Ezech.43.

173 2525 430 2587 uaefi’cerunt:
454 2524 669 2591 populum
688 2540 852 2583 autem,
877 2540 967 2571 tam
985 2524 1149 2571 funesta
1166 2524 1296 2588 specie
1313 2523 1480 2572 obieeta
1495 2565 1507 2584 ,
1526 2530 1568 2572 in
1586 2525 1622 2572 se
1638 2526 1794 2592 suac'lue

144 2543 401 2650 scelera‚tam
409 2609 539 2655 quam
553 2589 780 2638 miserandi
798 2589 907 2637 illius
921 2589 1070 2650 excidij
1093 2591 1338 2647 caussam,iu
1346 2590 1410 2638 sto
1429 2590 1578 2638 dolore
1591 2591 1791 2640 exarsisse.

148 2655 273 2718 Quid
291 2674 370 2703 nos
389 2673 551 2716 autem,
568 2655 725 2720 quibus
749 2673 838 2702 non
854 2658 1026 2721 propria
1043 2654 1211 2702 tantum
1225 2695 1239 2716 ,
1266 2654 1335 2702 sed
1362 2659 1494 2703 etiam
1520 2657 1672 2720 populi
1697 2676 1794 2722 pec-

149 2736 243 2767 cata
261 2721 522 2786 deploranda
538 2719 828 2769 incumbunt?
847 2739 935 2786 quo
951 2720 1126 2768 tandem
1139 2725 1289 2768 animo
1307 2724 1462 2768 erimus
1488 2727 1595 2769 inter
1612 2740 1677 2770 tot
1702 2722 1795 2770 reli-

151 2785 383 2851 giofiffima
396 2785 558 2852 templa
580 2791 626 2835 in
642 2790 865 2851 parietinas
883 2804 931 2833 ae
954 2786 1101 2834 rudera
1117 2785 1333 2846 conuersa,
1349 2791 1457 2835 inter
1473 2804 1537 2835 tot
1553 2788 1688 2836 millia
1704 2794 1793 2836 ani-

150 2857 323 2899 marum
353 2857 396 2900 in
421 2856 597 2900 exitium
627 2856 791 2900 ruentia
816 2852 1122 2914 sempiternum
1143 2891 1157 2912 ,
1182 2852 1394 2917 ceterac'J'ue
1421 2856 1550 2900 nimis
1583 2851 1790 2912 luetuosa,

150 2934 246 2981 quae
260 2917 400 2966 adhuc
421 2917 556 2965 oculis
581 2919 733 2967 nostris
749 2915 985 2982 animisq'ue
1000 2919 1195 2982 quotidie
1209 2917 1504 2965 obuersantur?
1522 2923 1562 2965 Si
1585 2919 1698 2983 apud
1717 2938 1790 2966 eos

153 2981 278 3030 verba
294 2985 488 3044 facerem,
503 3001 689 3047 quorum
706 2982 870 3048 flagitia
885 2981 1101 3042 vindicem
1118 2985 1201 3029 Dei
1215 2999 1393 3030 manum
1411 2986 1455 3030 in
1473 2983 1689 3048 Belgicam
1715 3003 1793 3030 no-

152 3048 282 3096 stram
297 3063 513 3097 armarunt
533 3067 579 3095 ac
598 3066 898 3112 prouocarunt3
920 3051 1198 3110 exprimerent
1214 3047 1389 3095 fortassis
1407 3049 1498 3096 haec
1513 3054 1598 3096 eius
1617 3049 1791 3097 vulnera

154 3115 435 3178 poenitudinis
449 3112 672 3178 lacrymaS,
686 3122 728 3160 &
743 3114 814 3161 has
831 3114 984 3161 Thesei
1002 3115 1226 3177 quondam
1246 3133 1383 3163 voces:

423 3187 456 3227 O
476 3179 635 3247 patria!
653 3179 745 3228 tales
768 3184 895 3228 intuor
915 3179 1051 3227 ‘vultus
1079 3190 1180 3227 tuos?

426 3246 604 3311 TalestJue
618 3244 732 3306 feci?

156 3310 293 3356 Nunc
318 3308 416 3357 cum
445 3311 499 3358 ad
528 3307 884 3375 Religiosissiinos
915 3313 1053 3358 Patres
1085 3326 1178 3358 tota
1202 3309 1290 3356 haec
1313 3309 1504 3355 referatur
1517 3310 1669 3366 oratio,
1687 3307 1794 3369 qnid

159 3377 303 3421 minus
318 3375 473 3439 sperare
490 3376 674 3440 possum,
690 3376 824 3442 quam
842 3374 1004 3425 fincerae
1023 3375 1405 3424 commiserationis
1436 3370 1642 3420 affeetum
1656 3383 1670 3418 Ξ
1684 3372 1796 3452 Illud

1695 3456 1798 3487 vero

1817 3165 1879 3190 Sen.
1896 3162 1974 3202 Hip-⁴

1817 3201 1871 3240 pol.
