2321 4013
213 279 372 322 LIBER
407 276 628 320 SEXTVS·
676 279 949 323 SOCIETAS
990 282 1556 329 FLANDRO-BELGICA.
1642 286 1745 349 761

96 353 283 404 classibus
300 350 620 401 celeberrimam
641 368 737 400 toto
758 356 845 402 iam
865 354 1036 403 dudum
1060 355 1164 405 orbe
1180 358 1298 407 fama
1315 357 1557 408 celebrauit.
1596 365 1749 430 Angu-

96 421 163 471 stis
187 417 405 470 moenibus
423 416 575 465 incolae
594 416 849 467 clauduntur
879 421 1229 471 innumerabiles,
1256 427 1426 491 Magna
1450 425 1688 477 hominum
1704 451 1752 480 ex

44 520 47 531 2
95 490 217 535 omni
242 502 390 548 genere
413 481 620 531 colluuio:
640 502 782 532 nautae
804 485 1048 553 militesque
1071 489 1249 538 confufi.
1276 493 1464 540 Ciuibus
1487 495 1637 558 ingens
1657 501 1751 544 ani-

94 570 203 613 mm,
220 554 401 598 &omni
421 547 609 614 periculo
624 554 776 598 maior.
802 554 1047 600 Mercatura
1060 570 1125 601 tot
1150 553 1269 602 bellis
1298 556 1490 619 turbata,
1508 574 1652 608 tamen
1667 561 1752 610 flo-

45 662 48 666 ,
94 636 181 666 rens
206 616 450 681 perstuerat.
488 618 538 662 In
563 614 675 663 lianc
692 615 846 665 vrbem
861 621 950 667 iam
974 624 1096 667 annis
1122 619 1290 685 aliquot
1314 625 1589 672 excurrebant
1607 629 1748 676 Patres

45 704 47 708 ·
93 702 138 730 ex
154 679 357 746 Collegio
385 680 582 746 Bergenfi
599 685 818 730 vicinitate
834 686 1030 744 inuitati,
1056 693 1099 732 ὃς
1127 691 1339 750 egregiam
1358 693 1402 734 in
1429 691 1624 738 iuuando
1638 699 1748 755 ciue,

45 791 47 794 Α
94 748 242 808 milite,
267 748 450 794 nauticis
479 765 655 811 operam
684 748 934 811 ponebant:
963 749 1032 797 sed
1055 753 1194 814 prima
1220 769 1316 798 cura
1355 749 1626 817 captiuorum
1650 776 1748 821 erat,

45 857 47 860 Α
93 831 198 879 quos
223 813 387 877 semper
412 811 620 877 plurimos
642 821 685 860 δε
702 832 750 860 ex
768 812 966 862 hostibus
990 813 1208 880 plerosque
1233 815 1427 882 publicus
1452 838 1590 868 carcer
1608 824 1750 872 inclu-

45 931 47 935 Α
92 881 167 928 dit.
215 882 326 926 Inter
340 877 429 925 haec
447 875 532 926 loci
550 878 696 926 Pastor
723 884 870 927 vnicus
899 879 1002 928 cum
1026 880 1170 929 subito
1198 899 1342 946 raptus
1360 884 1480 945 efflet,
1498 888 1746 938 vniuersuin

45 966 48 992 :
90 942 206 1016 paene
224 962 332 991 onus
361 944 513 991 nostris
539 943 727 992 humeris
756 944 965 994 incubuit.
1005 949 1064 993 Ea
1089 947 1226 994 caussa
1244 948 1327 995 fuit
1343 947 1396 995 de
1421 949 1652 999 domicilio
1679 973 1751 1002 co-

45 1054 48 1075 5
91 1008 276 1080 gitandi3
303 1009 425 1075 quod
448 1013 536 1057 iam
554 1008 667 1058 Vltro
688 1010 1074 1059 Dunkercanorum
1098 1010 1268 1078 aliquiS‚
1293 1011 1413 1079 isque
1425 1021 1605 1080 primuS,
1621 1023 1663 1064 in
1677 1023 1754 1067 So-

45 1116 48 1119 4
92 1080 285 1124 cietatem
304 1076 508 1141 ingr-effus
525 1076 737 1123 donabat:
747 1078 831 1123 Res
853 1076 907 1124 ad
918 1081 1122 1124 Senatum
1149 1079 1292 1126 refertu
1302 1082 1452 1144 r‚apud
1466 1100 1599 1146 quem
1617 1088 1753 1132 maxi-

45 1188 49 1196 Δ
91 1141 161 1194 iri-3
186 1145 438 1189 auetoritate
461 1139 653 1206 pollebat
679 1140 902 1206 Syndicus,
921 1141 1062 1190 homo
1086 1142 1517 1194 haereticaerafflonis.
1564 1151 1750 1201 Hocau-

3 1255 6 1257 Α
45 1216 49 1269 ζ
92 1210 205 1257 ,ἃοῐε
233 1210 405 1254 Senatus
423 1207 587 1266 restitit,
604 1206 745 1254 donec
763 1205 928 1255 Alberti
955 1207 1212 1256 Archiducis
1228 1208 1373 1257 litteris
1392 1228 1610 1275 permotus
1623 1216 1752 1265 habi-

45 1292 49 1314 1
93 1277 303 1325 tationem
331 1271 532 1320 concessit
557 1271 760 1337 quidem,
788 1273 858 1320 std
880 1272 1038 1321 auxilio
1063 1274 1225 1338 prorsus
1246 1273 1368 1323 nullo
1385 1313 1395 1323 .
1443 1279 1750 1329 Domesticam

45 1342 49 1381 ἶ
91 1342 261 1390 interim
286 1337 536 1387 subleuabat
552 1342 747 1403 inopiam
773 1342 937 1402 priuata
966 1338 1193 1388 liberalitas
1217 1357 1312 1388 tum
1336 1344 1499 1390 Laeuini
1523 1343 1576 1390 de
1593 1345 1752 1395 Clerck

46 1439 49 1445 .
90 1408 167 1455 viri
184 1403 409 1469 opulenti,
434 1422 531 1452 tum
547 1404 732 1452 Adriani
756 1402 998 1453 Cancellier
1014 1405 1197 1454 Abbatis
1215 1406 1430 1455 Dunenfis
1442 1447 1456 1468 ,
1475 1412 1550 1473 qui
1577 1413 1622 1459 in
1643 1412 1751 1461 vrbe

45 1471 49 1508 ἶ
89 1470 220 1536 patria
236 1469 490 1536 Collegium
508 1469 686 1518 fundare
705 1469 965 1518 decreuerat:
986 1472 1172 1518 fauturus
1190 1477 1356 1536 vtique,
1372 1473 1452 1521 nisi
1472 1492 1587 1522 mors
1605 1481 1749 1528 virum

46 1576 48 1579 .
90 1535 172 1588 vita
199 1533 499 1601 digniffimum
538 1534 768 1585 immature
797 1538 1050 1600 occupasset.
1104 1535 1308 1585 Ceterum
1338 1538 1466 1586 semel
1499 1542 1650 1605 negata
1665 1562 1751 1606 ope

46 1636 50 1647 ,-
90 1605 261 1651 Senatus
280 1607 324 1649 in
341 1600 546 1651 sententia
561 1601 792 1666 perstabat,
811 1619 903 1649 non
919 1620 991 1666 per
1006 1602 1046 1649 se
1059 1602 1084 1650 ai
1101 1602 1229 1651 nobis
1249 1600 1428 1663 alienus,
1447 1604 1514 1651 sed
1534 1610 1750 1657 incentore

46 1697 50 1701 ·
89 1667 290 1732 SyndicO.
343 1666 586 1715 Scribanius
601 1683 747 1716 tamen
777 1666 1329 1730 Prouinciali3‚i11colaruin
1344 1669 1436 1716 visa
1454 1670 1751 1735 multitudine,

47 1766 50 1770 -
89 1732 365 1799 fructumque
382 1731 651 1783 considerans
668 1750 799 1797 quem
819 1748 957 1781 tantus
970 1750 1068 1797 aget
1081 1732 1584 1798 promittebat,quamuis
1597 1754 1753 1801 negato

90 1796 385 1859 subsidi0,non
400 1796 673 1846 deserendam
687 1796 765 1845 effe
783 1796 896 1846 hanc
917 1813 1007 1846 tam
1026 1798 1247 1861 copiosam
1273 1799 1450 1849 messem
1479 1801 1752 1853 existimauit.

47 1864 50 1869 ’
92 1867 271 1916 Perrexit
301 1882 401 1929 ergo
428 1881 530 1912 cum
548 1879 792 1929 paupertate
807 1861 879 1913 sua
904 1861 1057 1912 luetati
1077 1867 1287 1926 Societas,
1305 1871 1350 1913 &
1373 1865 1581 1914 indefesso
1605 1864 1754 1917 labore

91 1933 134 1980 in
156 1929 336 1978 salutem
354 1932 558 1989 omnium
576 1929 838 1978 incumbere.
878 1925 1150 1979 Conciliauit
1166 1932 1332 1978 ciuium
1345 1927 1507 1978 multos
1524 1928 1593 1979 ille
1609 1933 1747 1982 ardor:

47 2005 51 2044 ῖ
92 2004 137 2044 δε
156 2000 373 2046 Senatores
389 1998 592 2060 priuatim
613 1998 742 2043 amici
756 2011 886 2054 erant,
905 1998 951 2042 in
965 1996 1081 2043 curia
1094 1993 1291 2056 etiamffi
1313 1995 1522 2060 Syndicus
1536 2014 1752 2063 repugna-

27 2119 29 2125 .
91 2077 165 2122 ret,
191 2059 487 2127 suffragaturi.
530 2064 627 2109 Nec
652 2059 812 2108 latebat
836 2059 1065 2108 hominem
1092 2064 1232 2109 maior
1254 2061 1390 2108 indies
1418 2065 1668 2111 animorum
1684 2069 1752 2113 in-

48 2141 51 2161 ί
92 2126 279 2178 dinatio,
321 2133 479 2194 Qare
502 2145 553 2174 ne
579 2126 792 2175 inuidiam
810 2125 1026 2174 sustineret
1041 2125 1180 2188 solus,
1196 2134 1241 2175 δε
1267 2124 1458 2174 habebat
1474 2130 1562 2175 iam
1590 2129 1675 2193 ipse
1700 2130 1751 2178 fi-

47 2206 51 2220 ‘·
92 2190 171 2244 lios
191 2210 382 2242 maturos
399 2189 551 2241 scholis
566 2232 581 2253 ,
613 2210 722 2257 quos
741 2189 845 2240 alibi
867 2190 970 2239 alere
986 2192 1246 2256 pretiosum3
1266 2188 1316 2240 fit
1334 2195 1503 2240 Senatui
1520 2196 1686 2256 auetor,
1703 2214 1751 2246 vt

47 2270 52 2294 ³
93 2256 300 2320 Patribus,
317 2256 350 2307 fi
363 2276 496 2324 opem
514 2256 692 2319 vellent,
711 2261 974 2322 imperentur
992 2256 1160 2306 scholae.
1201 2261 1321 2306 Paret
1335 2262 1528 2306 Societas.
1557 2261 1749 2310 Subinde

0 2341 1 2345 ’
48 2347 50 2351 ’
95 2332 138 2376 &
162 2324 325 2373 naualis
351 2323 495 2373 missio
523 2324 718 2372 instituta
743 2326 860 2371 auxit
890 2339 992 2389 erga
1024 2341 1104 2370 nos
1125 2321 1241 2372 vrbis
1274 2321 1636 2373 beneuolentiam.
1682 2332 1750 2375 Ac
1802 2328 1809 2337 '

0 2403 4 2433 I·
48 2403 52 2419 ¹
93 2405 185 2441 tum
203 2391 389 2456 denique
411 2389 576 2455 liquida
600 2393 752 2438 omnia
778 2388 919 2448 fussre,
946 2388 1177 2455 postquam
1197 2388 1319 2438 illum
1336 2389 1623 2440 aduersantem
1643 2396 1750 2457 Syn-

48 2468 52 2489 ἱ
94 2454 239 2507 dicum
266 2457 438 2521 prodita
454 2453 619 2504 haerefis
643 2456 935 2503 Dunkercano
950 2472 1080 2519 regno
1102 2457 1236 2513 eiecit,
1258 2456 1512 2504 damnatum
1528 2455 1599 2503 'ue
1630 2475 1750 2507 aeter-

0 2535 18 2551 ²·
49 2559 51 2571 ς
94 2538 152 2570 no
175 2525 328 2570 carceri
357 2525 646 2586 mancipauit:
673 2539 723 2569 ex
752 2539 841 2586 quo
864 2537 1010 2569 tamen
1026 2519 1051 2569 a
1078 2520 1218 2569 libetis
1237 2519 1475 2584 aliquando
1491 2540 1515 2568 a
1550 2529 1674 2581 iutUS,
1692 2525 1748 2573 ad

95 2584 185 2640 suos
215 2592 398 2636 Batauos
418 2585 562 2635 euasit.
613 2585 741 2634 Certe
772 2584 898 2634 nobis
925 2585 1253 2650 propensionem
1280 2585 1400 2635 suam
1429 2603 1532 2636 tunc
1559 2591 1749 2639 maxime

1 2666 6 2692 ὲ
49 2650 53 2698 ῗ
96 2653 294 2721 probauit
316 2658 507 2714 SenatuS,
526 2652 625 2702 cum
642 2650 859 2716 templum
885 2648 1069 2716 elegans,
1093 2651 1343 2718 partemque
1363 2652 1554 2718 aliquam
1572 2653 1748 2715 domus,

0 2731 8 2758 ἓ
49 2726 52 2742 ²
104 2717 270 2768 summ-3
290 2718 497 2766 celeritate
515 2725 526 2775 (
544 2722 615 2767 vix
626 2720 793 2779 triennij
813 2715 999 2781 spatium
1023 2718 1120 2776 fuit)
1140 2720 1348 2766 excitauit.

161 2784 295 2834 Haud
314 2783 461 2849 procul
480 2783 710 2832 Dunkerca
730 2779 952 2830 Cassetum
979 2783 1252 2848 conspicitur,
1274 2787 1317 2830 in
1345 2783 1463 2832 edito
1489 2803 1637 2833 monte
1669 2784 1743 2834 fita
1762 2807 1904 2853 εφη,

1 2861 5 2866 “
50 2875 54 2879 ·
98 2852 262 2911 ciuitas,
279 2851 509 2916 despiciens
526 2849 740 2897 ditionem
756 2848 875 2896 suam
899 2851 1236 2914 circumquaque
1258 2847 1479 2910 diffusam,
1497 2850 1616 2900 vberi
1634 2851 1741 2912 solo,
1759 2867 1833 2908 ’ΨΜ
1847 2855 1944 2888 C0sl‘-

50 2945 51 2948 =
98 2917 256 2984 magnii
273 2916 541 2982 oppidorum
566 2913 862 2980 pagorumque
876 2914 1124 2979 frequentia.
1141 2923 1186 2963 Sc
1202 2914 1331 2963 babet
1342 2915 1449 2963 ditio
1460 2917 1742 2981 peruetustam
1751 2914 1849 2949 gmm.

97 2981 457 3047 numerosamque
475 2978 750 3030 nobilitatem
764 3018 778 3038 ‚
812 2998 944 3045 quam
965 2980 1237 3045 procurandae
1266 2979 1405 3028 salutis
1425 2982 1569 3032 studio
1589 3001 1662 3047 per
1678 2987 1743 3029 in-

99 3044 270 3097 terualla
294 3047 484 3101 visebant
511 3066 561 3095 ex
587 3044 782 3111 Bergensi
798 3044 1004 3111 Collegio
1032 3054 1076 3095 δε
1093 3043 1251 3110 Iprenfi
1270 3049 1422 3094 Patres.
1469 3051 1643 3095 Horum
1658 3049 1742 3095 stu-

51 3133 54 3135 *
99 3109 177 3161 diis
204 3112 405 3161 delcetati
432 3117 646 3172 Proccres,
677 3111 731 3159 de
749 3110 1003 3160 collocanda
1020 3109 1180 3160 Casseti
1206 3115 1410 3160 Societate
1442 3113 1545 3160 serio
1574 3116 1677 3159 inter
1705 3112 1743 3158 se

101 3181 254 3242 agitare
270 3195 502 3243 coeperunt:
520 3196 596 3226 nec
615 3182 734 3225 enim
757 3195 859 3242 agro
875 3194 988 3238 toto,
1002 3193 1092 3226 tam
1118 3176 1222 3238 lato,
1238 3176 1326 3226 vlla
1343 3193 1439 3224 tum
1450 3194 1533 3224 erat
1549 3175 1743 3241 Religio-

0 3297 2 3300 ·
100 3242 139 3290 sa
156 3243 329 3293 Familia
344 3263 438 3308 quae
453 3245 573 3292 saluti
591 3260 754 3293 vacaret
769 3246 1027 3291 animarum.
1047 3245 1162 3292 Ante
1178 3242 1280 3291 alios
1298 3242 1506 3290 Nicolaus
1523 3241 1576 3288 de
1591 3242 1743 3289 Mont-

0 3326 17 3343 ν
101 3323 302 3369 morcncy
332 3312 495 3358 Comes
527 3307 753 3375 Stegrenfis
767 3348 781 3369 ,
809 3317 852 3357 &
880 3307 1162 3357 Lamoraldus
1195 3309 1247 3356 de
1271 3312 1438 3356 Hornes
1470 3311 1743 3355 Vice—comes

0 3381 16 3397 ‘¹
52 3395 55 3404 r
102 3372 316 3423 Furnenfis
331 3415 345 3437 ‚
362 3376 567 3441 idemque
583 3380 629 3424 in
648 3372 873 3425 Cassetam'i
895 3374 1058 3424 ditione
1075 3374 1291 3436 supremus
1309 3376 1484 3433 Praetor,
1501 3391 1590 3421 rem
1613 3373 1745 3435 Vsque

969 3439 1180 3495 Ddddd
1639 3436 1746 3486 adeo
