2321 4013
207 283 371 327 LIBER
410 279 631 326 SEXTVS·
667 278 944 324 SOCIETAS
977 278 1549 328 FLANDRO-BELGICA.
1657 285 1760 348 849

96 356 150 404 ne
172 355 462 404 indeliberate.
504 360 628 405 Nam
655 356 810 405 Lesfius
831 355 1043 404 doCtrinae
1061 358 1144 404 suae
1163 361 1304 423 capita
1323 362 1523 408 Romam
1553 378 1761 424 compen*

98 423 173 470 dio
190 424 357 470 miserat
372 462 384 483 ‚
401 440 497 488 quae
512 426 649 471 Sixtus
668 424 770 487 ipse,
790 422 888 470 cum
907 425 951 470 in
975 422 1240 488 ampliffimo
1251 423 1554 473 Cardinalium
1572 442 1688 473 coetu
1704 443 1765 473 re-

98 487 360 537 censerentur
384 492 457 541 (vt
479 505 565 536 erat
580 488 949 553 Theologicarum
969 506 1107 537 rerum
1136 489 1332 555 apprime
1355 496 1509 555 peritus
1526 501 1537 550 )
1555 490 1765 555 probaue-

97 569 171 611 ταῖς
189 551 442 601 Cardinales
468 553 570 603 vero
592 555 708 619 super
730 560 779 602 iis
804 556 1054 602 sententiam
1080 560 1232 620 rogati,
1251 573 1296 606 vt
1311 557 1418 604 sana:
1434 558 1644 604 dostrinae
1668 562 1765 605 arti-

98 618 216 666 culos
246 619 599 683 comprobarant.
640 624 790 685 Itaque
816 621 1030 680 Pontifex,
1042 620 1199 685 quibus
1217 622 1360 669 litteris
1389 623 1628 671 instituerat
1652 625 1767 671 iudi-

98 701 209 744 cem,
229 684 382 731 iisdem
401 685 641 733 afl'ertiones
668 687 831 734 nostras
850 686 958 732 sanae
975 686 1188 732 doetrinae
1217 686 1414 735 articulos
1432 689 1643 746 vocabat3
1671 708 1766 752 qua:

100 750 188 814 ipsa
206 750 337 799 verba
363 752 558 797 Nuntius
577 752 722 799 edicto
746 750 850 811 suo,
876 750 994 797 haud
1020 750 1114 797 leue
1144 752 1352 799 doctrinae
1391 751 1591 801 Leffianae
1620 755 1769 803 suffra-

99 819 240 880 gium,
260 816 476 863 inserenda
494 822 674 880 putauit.
714 819 862 882 Atque
878 815 996 863 hunc
1017 817 1193 863 tandem
1207 823 1368 863 exitum
1387 837 1433 864 ea
1455 821 1679 882 tempestas
1695 821 1770 867 lia-

102 881 221 941 buit,
257 899 353 945 quae
383 882 659 947 naufragium
699 882 970 930 minabatur:
993 885 1113 928 cuius
1132 885 1282 929 auc‘tor
1303 883 1462 929 satanas
1482 882 1550 930 ille
1567 901 1771 933 veterator

101 945 358 994 Catholicos
380 951 595 994 Doctores
610 952 716 996 inter
733 949 771 995 se
785 965 891 995 tunc
913 946 1101 995 maxime
1116 946 1420 995 committebat
1435 988 1447 1008 ,
1467 949 1566 995 cum
1591 953 1771 999 necessa-

102 1015 152 1074 rij
173 1013 303 1060 essent
319 1013 373 1060 ad
391 1012 661 1061 Orthodoxae
692 1013 932 1078 Religionis
959 1012 1150 1060 tutelam.
1177 1012 1260 1060 illis
1282 1012 1497 1079 siquidem
1527 1017 1774 1062 mutu-stim·

135 1078 271 1126 licaris
290 1078 452 1144 pugn-3,
471 1077 664 1145 virescjue
678 1083 869 1127 inuicem
894 1077 1183 1139 atterentibus,
1208 1078 1439 1144 respirabat
1456 1078 1619 1128 haeresis
1635 1082 1775 1128 secura

102 1096 226 1205 gelli,
245 1153 289 1192 ὃς
308 1161 445 1209 partes
463 1145 551 1191 suas
571 1146 717 1193 nostra
741 1144 963 1192 debilitate
984 1143 1200 1192 firmabat.
1227 1145 1464 1192 Enimuero
1479 1147 1623 1210 postea
1649 1148 1777 1194 multi

106 1227 158 1258 cx
175 1210 419 1258 Academi—a
448 1213 664 1258 Doctores
678 1249 691 1271 ‚
721 1209 875 1258 relictis
893 1209 1221 1274 opinationibus
1247 1211 1327 1258 suis
1352 1211 1471 1258 tanta
1500 1216 1779 1259 contentione

106 1279 415 1340 propugnatis,
433 1279 478 1323 in
499 1275 621 1338 Lessij
653 1275 876 1324 transiuere
894 1277 1146 1323 sententiam
1161 1313 1170 1322 .
1203 1295 1292 1341 quo
1306 1278 1424 1324 facco
1449 1276 1528 1324 visi
1552 1277 1778 1338 declarare,

107 1341 274 1391 bellum
301 1341 410 1388 illud
436 1359 527 1388 non
552 1359 644 1390 tam
669 1342 833 1389 iudicio
858 1361 907 1389 ac
925 1346 1102 1400 ratione,
1124 1343 1259 1407 quam
1277 1347 1403 1392 vnius
1419 1348 1500 1390 viri
1525 1343 1780 1407 defendendi

108 1407 224 1467 cura,
242 1407 363 1455 fuiss'e
382 1406 638 1471 susceptum.

178 1476 271 1521 Iam
310 1477 400 1522 vita
440 1473 585 1521 nostra
614 1473 841 1539 moresque
890 1473 1025 1538 quam
1064 1474 1305 1538 frequenter
1343 1473 1574 1538 vapulant!
1610 1478 1777 1540 quoties
1796 1471 1981 1570 ZZJZJZW

1795 1539 1803 1558 ι
1870 1534 1899 1568 -g
1945 1542 1956 1548 τ

1799 1583 1863 1607 lur-

109 1556 307 1597 auarum,
322 1543 488 1604 quoties
513 1537 798 1588 ambitiosum
818 1558 952 1604 genus
982 1539 1218 1587 hominum
1233 1539 1420 1587 dicimur
1436 1539 1625 1587 Iesuitae?
1660 1550 1703 1588 δε
1720 1558 1780 1587 ta-

111 1623 215 1653 men
248 1622 387 1668 neque
422 1608 609 1653 auaritiae
640 1623 782 1669 neque
807 1604 1058 1653 ambitionis
1089 1622 1196 1652 certa
1230 1605 1473 1669 produntur
1513 1623 1782 1668 argumenta.

116 1673 273 1718 Primis
294 1668 485 1736 Collegij
519 1669 797 1718 Bruxellenfis
814 1675 935 1718 annis
953 1689 1002 1718 ex
1026 1667 1180 1734 Belgio
1200 1674 1244 1717 in
1260 1669 1519 1734 Hispaniam
1543 1671 1596 1718 ad
1614 1675 1786 1736 Regem

113 1735 311 1784 aduersus
336 1754 415 1783 nos
439 1737 590 1800 scripta
612 1736 673 1785 est
698 1735 921 1783 accusatio.
946 1735 1109 1783 diuitiae
1127 1735 1281 1781 nostrae
1297 1737 1547 1782 immodicae
1566 1737 1788 1783 iaffitaban-

115 1818 213 1862 tur,
230 1810 274 1849 &
293 1818 439 1866 praeter
462 1819 528 1847 eas
547 1798 797 1848 insatiabilis
816 1800 1024 1865 cupiditas
1042 1798 1249 1848 habendi.
1286 1802 1434 1865 Itaque
1459 1800 1563 1847 serio
1582 1820 1681 1848 com
1690 1820 1788 1848 mo-

115 1867 299 1914 nebatur
317 1870 424 1928 Rex,
439 1865 602 1914 videret
613 1906 626 1927 ,
657 1883 820 1914 caueret
835 1905 848 1924 ,
864 1883 916 1914 nc
933 1870 1086 1914 omnia
1113 1866 1298 1929 denique
1316 1863 1546 1925 Beneficia,
1563 1867 1788 1915 Monaste-

42 1920 61 1998 ¹--
117 1936 191 1993 ria,
213 1932 442 1998 dignitates
462 1931 703 1980 accederent
720 1932 893 1990 Iesuitis,
913 1931 1212 1998 niliilc'luciam
1227 1930 1324 1978 esset
1346 1932 1467 1995 quod
1482 1931 1591 1979 bene
1618 1951 1784 1982 meren-

119 1997 233 2047 tibus
264 1998 444 2046 subditis
476 1999 675 2063 deinceps
694 1997 828 2061 posset
857 2002 1043 2062 erogari.
1094 2000 1306 2045 Excitatus
1335 1996 1445 2043 hisce
1474 2000 1785 2060 monitoribus,

120 2063 330 2112 Concilio
349 2064 425 2111 suo
451 2067 664 2111 Sanc‘tiori
693 2062 929 2111 demandat
953 2081 1146 2111 examen.
1178 2063 1325 2109 Praeses
1348 2063 1541 2126 Concilij
1572 2064 1786 2114 Pamelius

122 2129 357 2177 Costerum
372 2128 688 2177 Prouincialem
716 2132 845 2193 Regis
870 2135 1053 2177 nomine
1070 2134 1301 2192 interrogat
1320 2128 1373 2175 de
1388 2126 1615 2194 Collegiis,
1633 2129 1686 2178 de
1700 2149 1791 2195 per-

121 2195 264 2252 sonis,
295 2196 348 2243 de
374 2196 657 2259 prouentibus
673 2235 685 2255 ,
711 2193 905 2242 censibus
932 2194 1231 2260 oneribusque.
1265 2192 1423 2241 dantur
1439 2198 1591 2242 omnia
1618 2194 1790 2260 scripto.

6 2273 8 2275 ’
50 2267 54 2303 ’ὲ
123 2265 297 2309 Senatus
313 2259 745 2326 diligenterinquirit,
766 2261 1070 2327 compertaque
1087 2264 1258 2309 veritate
1270 2259 1535 2307 calumniam
1551 2260 1792 2324 detestatus,

10 2368 12 2375 ,
52 2335 55 2380 ζ
80 2372 88 2382 ,
127 2335 170 2375 δε
188 2326 361 2392 egestati
390 2327 543 2375 nostrae
571 2327 678 2374 serio
695 2324 957 2387 condolens,
975 2327 1049 2374 dat
1073 2342 1261 2392 quatuor
1277 2343 1326 2373 ex
1344 2326 1514 2373 Ordine
1527 2326 1603 2374 suo
1620 2325 1795 2375 1εᾶὶὶΗῖ-

0 2415 12 2447 J
54 2387 55 2426 l
125 2411 221 2440 mos
254 2396 366 2441 viros
403 2412 503 2440 cum
541 2389 807 2441 Prouinciale
836 2393 1217 2457 circumspecturos
1254 2396 1464 2439 rationem
1499 2393 1794 2442 iuuandorum

128 2457 446 2522 Collegiorum.
475 2464 686 2524 Qatuor
701 2457 992 2522 congressibus
1009 2475 1213 2523 concepta
1227 2475 1302 2518 res,
1318 2462 1417 2505 &in
1436 2458 1644 2506 Concilio
1659 2458 1797 2523 signa-

57 2538 61 2591 ’ζ
128 2539 186 2584 ta,
203 2528 249 2571 in
267 2526 527 2589 Hispaniam
542 2528 742 2583 mittitur,
764 2527 899 2570 Ducis
920 2523 1155 2572 Parmensis
1170 2523 1388 2589 totiusc'lue
1405 2529 1588 2571 nomine
1604 2529 1797 2572 Senatus.

132 2590 334 2638 Graui'ter
365 2607 441 2654 pro
466 2595 618 2638 merito
642 2593 735 2638 Rex
757 2588 854 2637 tulit
888 2589 995 2637 adeo
1021 2590 1144 2638 falsos
1173 2589 1452 2650 accusatores,
1482 2598 1526 2636 ὃς
1547 2589 1736 2638 multum
1762 2592 1800 2638 se

61 2664 62 2679 ³
130 2654 276 2721 Belgis
296 2655 492 2703 Patribus
509 2656 664 2705 debere
684 2656 885 2720 professus
898 2695 911 2715 ,
935 2674 1086 2703 eorum
1115 2672 1407 2720 paupertatem
1425 2655 1569 2703 modis
1595 2657 1801 2705 omnibus

62 2718 64 2779 s
131 2720 364 2769 leuandam
385 2721 574 2785 suscepit.
615 2725 764 2787 Itaque
790 2721 1031 2786 suggestam
1058 2723 1083 2770 a
1110 2727 1265 2769 Senatu
1283 2725 1496 2768 rationem
1524 2739 1614 2769 non
1642 2721 1802 2786 proba-

134 2790 200 2835 uit
221 2786 362 2835 solum
377 2828 389 2847 ,
418 2786 486 2834 sed
504 2787 574 2836 sua
601 2789 688 2852 ipse
708 2805 844 2835 manu
858 2791 1028 2835 notauit
1053 2786 1246 2852 praeterea
1270 2788 1474 2852 quaedam
1502 2788 1699 2835 iuuandis
1720 2808 1803 2853 op-

65 2858 68 2906 ξ
135 2870 321 2917 portuna
351 2852 578 2918 Collegiis.
627 2854 791 2902 Verum
824 2856 1001 2917 optimae
1031 2857 1159 2919 Regis
1187 2851 1402 2904 voluntati
1433 2853 1632 2900 successus
1652 2854 1801 2914 defuit,

136 2918 268 2983 praua
294 2918 592 2984 quorumdam
620 2919 857 2967 hominum
886 2925 1213 2968 interuentione.
1248 2922 1372 2966 Nam
1389 2918 1568 2967 biennio
1582 2936 1677 2966 toto
1696 2919 1803 2982 pres-

137 2983 239 3032 sum:
262 2988 394 3049 Regis
425 2984 688 3049 responsum.
729 2984 927 3044 Deinde,
955 2984 1104 3032 studiis
1122 2986 1176 3033 ad
1202 2984 1427 3032 Pastorum
1450 2984 1652 3049 erigenda
1667 2989 1801 3031 Semi-

71 3070 73 3113 ζ
138 3053 262 3097 naria
285 3049 516 3110 conuersis,
535 3055 716 3098 Societas
734 3049 941 3114 neglecta.
985 3051 1131 3118 Qod
1158 3050 1235 3099 vbi
1253 3048 1377 3097 sensit
1400 3051 1546 3099 fraude
1562 3057 1630 3115 agi
1647 3050 1802 3097 Coste-

73 3164 74 3167 ,
140 3133 235 3174 rus,
265 3115 467 3163 mandata
485 3119 619 3181 Regis
646 3115 836 3179 vrgenda
867 3116 1142 3166 existimauit.
1196 3118 1257 3164 At
1281 3115 1345 3164 illi
1374 3115 1576 3163 homines
1601 3113 1802 3163 beneuoli

74 3183 77 3235 Ξ
142 3180 261 3228 noua
286 3197 374 3228 arte
398 3199 446 3228 os
474 3181 735 3230 Prouinciali
761 3181 970 3229 sublinere
997 3187 1155 3244 conati,
1185 3182 1420 3231 suadebant
1444 3182 1583 3245 potius
1605 3177 1805 3227 E‘cclefia-

143 3264 241 3293 rum
269 3244 614 3310 Collegiatarum
646 3257 689 3296 ὃς
709 3246 1040 3296 Cathedralium
1059 3247 1273 3297 Beneficia
1300 3246 1510 3295 nonnulla
1540 3248 1732 3291 conuerti
1761 3249 1805 3292 in

78 3347 80 3365 2
144 3310 450 3376 Collegiorum
475 3313 797 3362 fundationem.
820 3312 996 3379 iamciue
1011 3316 1136 3362 suum
1151 3312 1260 3361 illud
1272 3311 1497 3360 confilium
1519 3311 1808 3375 probauerant

17 3417 21 3424 ,
79 3386 83 3433 ’,
146 3379 275 3443 Regi,
293 3385 338 3425 δε
353 3395 402 3424 ex
417 3377 625 3443 Hispania
649 3380 813 3446 Belgici
830 3384 1002 3429 Senatus
1021 3380 1187 3439 PrazseS,
1216 3380 1320 3426 datis
1336 3377 1389 3424 ad
1403 3376 1721 3424 Prouincialcm
1742 3374 1808 3421 lit-

1107 3448 1137 3491 P
1157 3463 1182 3508 p
1197 3463 1224 3509 p
1242 3463 1268 3508 p
1285 3461 1313 3506 p
1697 3444 1809 3501 teris,
