2321 4013
275 243 436 286 LIBER
470 243 690 284 SEXTVS.
738 242 1011 283 SOCIETAS
1051 240 1614 284 FLANDRO-BELGICA.
1707 240 1809 293 877

149 320 272 367 antei
291 336 503 382 vmquam
532 317 697 378 sanior,
731 316 1004 381 nequevllius
1034 319 1078 363 in
1100 314 1317 380 posterum
1348 316 1544 380 indigens
1573 317 1808 367 medicinae,

150 432 152 435 ,
220 390 280 431 At
299 382 542 430 Leonardus
563 380 720 429 Lessius
749 386 1012 429 Breclitanus
1044 400 1092 429 ex
1119 398 1225 445 agro
1244 379 1537 444 Brabantino,
1555 385 1712 442 inoenij
1745 386 1805 433 sui
1823 395 2007 433 Leonardns

150 448 451 513 'doctrinaeque
480 452 777 494 monumentis
807 452 1082 495 Prouinciam
1120 445 1238 493 haud
1268 448 1539 497 mediocriter
1566 422 1806 499 ilfiistraiiit.
1825 444 1951 490 Lcffius,

144 509 261 561 'Eum
277 514 414 578 prim-st
428 512 717 576 Philosophiae
743 513 886 578 palma
911 515 1091 574 Louanij
1120 512 1333 560 donatum
1353 516 1551 561 Societati
1568 515 1720 562 nostrae
1734 534 1810 580 pe„

146 585 256 643 perit
275 583 523 626 Laurentius
550 579 827 644 Norwegus:
853 582 951 643 qui,
975 578 1093 642 quod
1114 577 1326 640 plurimos
1353 576 1558 643 singulari
1586 581 1720 629 orati-3
1734 597 1811 645 per

151 648 308 710 Ignatij
328 648 716 693 commentationes
736 646 787 692 ad
802 645 1072 708 Reli-giorum
1089 644 1248 690 statum
1265 643 1506 706 adduceret,
1521 664 1576 694 vu
1601 639 1657 710 go
1674 648 1811 695 Pisca-

152 727 220 757 tor
236 712 295 759 est
313 711 455 758 dietus
473 727 484 757 ἶ
511 710 655 775 estque
673 711 740 757 bic
758 709 826 757 ille
848 712 1119 772 Norwegus,
1137 712 1214 771 qui
1232 711 1431 756 Louanio
1445 716 1488 757 in
1506 715 1700 758 Sueciam
1714 730 1812 777 pro-

149 776 301 834 festus,
320 779 572 823 auetoritate
586 780 779 840 Supremi
797 772 1016 822 Pontificis
1039 776 1236 837 Gregorij
1261 777 1384 820 XIII.
1403 775 1458 822 ad
1478 776 1695 825 ferendam
1723 781 1812 828 Ca-

150 840 327 890 tharinae
346 845 524 905 Reginae
539 840 733 889 aduersus
759 837 925 888 haereses
940 857 1086 904 opem,
1111 838 1281 885 summ-3
1295 837 1381 885 fide
1394 879 1407 899 ‚
1423 840 1537 901 cur-51,
1553 842 1696 889 labore
1711 862 1811 908 pru-

147 906 380 973 denti-Eque
399 925 528 972 partes
542 906 742 971 impleuit
760 903 999 971 sua83vtque
1011 902 1072 952 illi
1085 902 1299 964 solatium,
1315 907 1372 950 ita
1388 904 1538 953 multis
1555 906 1682 954 salute
1701 927 1811 958 attu-

147 971 210 1020 lit.
231 978 326 1021 Fuit
340 972 644 1036 Lessro,praeter
659 974 818 1035 ingenii
837 989 1034 1029 acumen,
1051 974 1220 1035 propria
1232 969 1433 1034 quaedam
1450 974 1494 1017 in
1508 972 1704 1020 docendo
1721 994 1812 1038 per<-

145 1038 174 1085 s
167 1042 343 1102 picuitas
360 1062 370 1096 ;
389 1039 514 1103 plane
527 1055 573 1086 vt
590 1057 647 1101 res
660 1036 954 1097 difficillimas,
974 1035 1248 1101 maximeque
1261 1039 1489 1096 intricatas,
1507 1037 1675 1084 summa
1692 1040 1812 1089 clari-

147 1119 234 1151 tate
250 1103 500 1153 diffolueret.
521 1102 706 1151 Leffium
723 1122 771 1151 ex
787 1107 912 1150 omni
934 1119 1141 1149 terrarum
1161 1118 1276 1165 parte
1290 1100 1573 1150 consulebant
1591 1102 1713 1152 doen
1730 1106 1811 1155 lio-

148 1170 302 1226 mines,
330 1180 373 1218 &1
392 1171 595 1220 Albertus
617 1173 813 1233 Princeps
836 1167 915 1214 illo
934 1167 988 1215 ad
1014 1181 1070 1214 res
1090 1164 1352 1231 grauissimas
1386 1167 1582 1232 frequens
1600 1168 1810 1222 Vtebatur.

149 1236 286 1283 Paulo
304 1240 360 1284 V.
378 1235 578 1283 Pontifici
597 1232 801 1281 Maximo
819 1251 989 1280 nouum
1015 1232 1068 1280 de
1090 1235 1186 1279 Iure
1210 1231 1462 1298 Iustitiaque
1486 1252 1813 1287 commentato-

139 1317 236 1359 rem
250 1305 346 1366 quis
364 1301 505 1348 nescio
532 1299 891 1347 commendabat:
919 1299 1120 1345 Pontifex
1146 1312 1279 1344 manu
1303 1297 1511 1346 volumen
1530 1298 1650 1363 Leffij
1669 1305 1812 1367 profe-

148 1384 260 1424 rens,
277 1371 363 1414 Hic
378 1371 458 1426 vir,
479 1371 638 1427 inquit,
657 1366 727 1412 hic
740 1365 932 1429 praestitit
946 1382 1048 1411 rem.
1064 1362 1198 1411 Haud
1212 1366 1358 1410 minor
1374 1363 1510 1412 Leffio
1521 1369 1813 1433 virtus,qu·a{m

139 1430 318 1490 ‚scientia
334 1433 429 1479 fuit.
471 1430 641 1496 Insigne
657 1434 700 1477 in
717 1450 769 1479 eo
791 1433 1045 1494 paupertatis
1065 1428 1366 1487 studium-,rara
1384 1424 1812 1500 submissio,aequitas

145 1502 285 1545 animi
309 1497 572 1557 inconcuss'a,
597 1516 731 1561 quam
748 1498 930 1557 Louanij
954 1495 1142 1542 maxime
1160 1494 1363 1558 probauit
1387 1497 1431 1541 in
1456 1493 1526 1543 illa
1557 1500 1809 1562 tempestate

147 1563 546 1622 Academicfi3cuius
564 1566 753 1610 auctores
767 1560 873 1609 adeo
889 1579 1134 1626 numquam
1153 1559 1221 1609 vel
1234 1560 1367 1608 verbo
1386 1559 1554 1609 auditus
1566 1563 1626 1611 est
1641 1563 1806 1629 laedere,

146 1645 192 1678 vt
210 1648 297 1676 non
317 1629 426 1676 secus
446 1648 494 1676 ac
514 1625 880 1677 sibiamiciffimos
897 1624 1054 1674 fincero
1071 1624 1428 1690 complecteretur
1451 1624 1612 1677 affestu
1628 1669 1639 1688 ‚
1658 1629 1806 1681 hono..

145 1711 188 1741 re
202 1699 365 1742 eximio
388 1696 648 1760 dignaretur,
673 1692 857 1756 benigne
880 1689 1030 1755 paffim
1056 1693 1170 1755 apud
1195 1691 1383 1738 obuium
1404 1709 1623 1758 quemque
1639 1696 1807 1746 excusa-

146 1778 220 1808 ret.
253 1761 381 1806 Mens
398 1765 441 1807 in
458 1758 536 1806 illo
553 1759 753 1806 humanis
770 1756 976 1804 omnibus
993 1762 1148 1816 maior,
1167 1764 1211 1802 δε
1229 1759 1366 1802 exedra
1377 1755 1541 1819 semper
1559 1762 1605 1805 in
1638 1762 1806 1812 Deum:

145 1843 193 1873 vt
214 1825 423 1873 caelestem
450 1829 495 1872 in
516 1827 632 1871 terris
657 1827 793 1872 vitam
813 1839 933 1886 agere
962 1822 1187 1869 videretur.
1213 1823 1331 1870 vietu
1359 1817 1606 1885 parciffimo
1624 1843 1673 1873 ac
1688 1829 1811 1890 paene

144 1889 270 1938 nullo
286 1896 393 1939 vires
411 1907 649 1954 Vtcumque
664 1888 912 1947 sustentans,
928 1887 1075 1934 diuina
1095 1886 1160 1938 vel
1177 1884 1399 1934 letstitabat
1420 1885 1580 1936 affidue
1594 1930 1608 1950 ‚
1628 1891 1696 1940 vel
1713 1892 1811 1943 scri-

136 1955 288 2016 bebat,
301 1957 385 2018 vel,
399 1952 431 2004 fi
448 1954 680 2013 accedereS,
694 1957 751 2001 ita
766 1951 1020 2018 loquebatur
1035 1953 1087 2000 ad
1102 1953 1276 2016 gustum
1296 1988 1310 2009 ,
1331 1968 1378 2000 vt
1399 1950 1551 2015 plenus
1576 1953 1809 2020 liquidiffi-

146 2023 218 2070 ma
244 2028 379 2070 animi
412 2021 634 2085 voluptate
659 2019 901 2067 discederes.
941 2018 1101 2066 Vultus
1126 2017 1210 2082 ipse
1237 2017 1576 2066 sanetimoniam
1606 2021 1806 2086 spirabat⁶

145 2090 195 2134 In
214 2087 436 2136 imbecillo
451 2090 621 2134 interim
642 2103 815 2150 corpore
832 2082 1090 2132 morborum
1105 2101 1282 2131 examen
1297 2099 1383 2130 erat
1395 2118 1409 2140 ,
1428 2096 1612 2132 numero
1642 2095 1686 2135 ὃς
1745 2111 1808 2143 ra-

145 2157 281 2201 uitate
297 2157 575 2201 certantium:
607 2150 765 2215 quibus
783 2166 849 2197 tot
870 2150 991 2197 malis
1006 2188 1019 2208 ‚
1050 2149 1119 2196 sed
1139 2151 1360 2214 praecipuis
1392 2147 1543 2197 calculi
1567 2109 1808 2220 dolotigug

144 2217 382 2284 aliquando
401 2218 631 2283 superatus,
647 2235 695 2263 ex
708 2215 978 2263 mortalitatis
998 2214 1209 2279 ergastulo
1226 2218 1269 2261 in
1290 2218 1522 2263 Beatorum
1539 2217 1701 2267 translit
1725 2222 1807 2270 do-

136 2282 638 2345 ,miciliumybgdiuina
653 2283 752 2330 teste
772 2281 950 2345 Pagina,
969 2280 1140 2328 Iustitiae
1159 2283 1372 2328 Doctores
1388 2278 1557 2346 fulgent
1573 2299 1806 2350 tamquam

148 2349 289 2398 stellae.
357 2368 512 2397 uorum
531 2352 575 2394 in
594 2366 774 2395 numero
797 2356 840 2395 δε
867 2345 1051 2395 Leffium
1080 2345 1322 2410 splendere,
1352 2346 1652 2398 indubitatum
1668 2355 1806 2403 ,nobis

147 2416 336 2463 reddunt
365 2413 620 2481 quotidiana
638 2413 838 2477 prodigia
855 2430 949 2476 quae
973 2412 1088 2460 haud
1104 2412 1261 2459 temere
1287 2413 1659 2462 circumferuntur.
1688 2420 1806 2467 Am-

147 2480 257 2546 plius
283 2481 529 2547 quindena,
557 2484 698 2527 iuratis
716 2477 888 2527 testibus
907 2517 921 2538 ,
947 2496 1025 2526 nec
1054 2481 1226 2542 paucis,
1249 2486 1292 2525 δε
1330 2477 1608 2528 Medicorum
1639 2483 1805 2535 iudicio

149 2547 442 2612 comprobata
465 2546 576 2593 sunt:
619 2544 741 2608 plura
773 2560 996 2608 patrantur
1023 2548 1066 2591 in
1095 2543 1197 2591 dies.
1239 2543 1320 2592 Sed
1347 2563 1393 2592 ea
1421 2562 1482 2591 res
1508 2550 1718 2609 quoniam
1747 2552 1806 2601 ad

150 2617 412 2660 eminentius
440 2616 619 2677 pertinet
641 2609 848 2670 tribunal,
868 2608 1153 2673 singularibus
1180 2611 1579 2659 commemorandis
1605 2615 1806 2682 tantisper

145 2677 507 2744 supersedendum
526 2676 638 2724 milii
651 2676 802 2734 sentio,
825 2676 932 2723 dum
947 2678 1086 2722 maior
1103 2676 1273 2723 accedat
1286 2678 1530 2723 auetoritas.

212 2748 349 2792 Nunc
366 2742 419 2790 ad
444 2741 660 2790 Carolum
680 2740 970 2801 Scribanium,
998 2744 1235 2789 Prouinciae
1250 2742 1402 2790 nostrae
1428 2741 1546 2790 velut
1563 2761 1800 2808 parentem,
1819 2766 1955 2801 Carolm

145 2808 388 2875 aliquando
415 2812 666 2866 veniamus,
702 2810 846 2854 virum
877 2810 1012 2854 cuiuis
1052 2807 1292 2868 functioni,
1319 2811 1453 2855 cuiuis
1482 2806 1698 2873 scriptioni
1729 2833 1803 2878 pa-
1818 2815 1956 2869 Scriba»-

145 2894 250 2924 rem.
295 2879 389 2924 Fuit
417 2873 514 2922 sane
546 2873 790 2920 Scribanius
829 2868 1026 2936 ingenio'
1044 2872 1330 2936 do&rin;‘ique
1368 2872 1571 2922 excellens
1588 2915 1602 2936 ‚
1639 2877 1803 2929 iudicio
1814 2875 1893 2907 mus,

145 2941 460 3006 prudenti-aque
491 2939 610 3005 paene
647 2938 790 2985 dicam
820 2936 1196 3002 incomparabilis.
1247 2942 1441 3000 Rerum,
1481 2957 1579 3004 quae
1614 2961 1801 3009 pugnare

113 3022 117 3027 '
147 3005 487 3071 quodammodo
514 3011 623 3054 inter
658 3004 697 3050 se
725 3003 952 3065 videntur,
979 3003 1244 3053 admirabilis
1271 3009 1314 3053 in
1355 3023 1407 3053 eo
1436 3004 1636 3054 societas:
1675 3028 1802 3074 gene-

146 3071 380 3120 xofiffimus
408 3076 577 3119 animus
605 3089 704 3117 cum
725 3067 881 3134 insigni
910 3067 1216 3127 submissione3
1246 3070 1416 3118 summa
1431 3071 1673 3120 amabilitas
1698 3092 1801 3124 cum

146 3137 319 3185 summ-3
345 3139 620 3194 austoritate3
659 3151 870 3199 perpetuae
907 3134 1191 3202 maximaeque
1220 3141 1523 3202 occupationes
1560 3154 1659 3184 cum
1690 3143 1801 3187 inte-

143 3207 267 3251 rioris
288 3202 478 3250 hominis
493 3200 836 3266 diuinorumc'lue
853 3199 1010 3249 affidua
1035 3202 1134 3248 cura
1152 3211 1196 3250 δε
1220 3201 1605 3266 contemplatione.
1648 3204 1797 3269 Qod

142 3285 282 3317 nemo
310 3267 416 3315 alius
450 3268 626 3332 speraret
645 3307 657 3327 ,
687 3265 1013 3331 aggrediebatur
1041 3268 1151 3332 ipse,
1191 3266 1537 3331 conficiebatque
1570 3285 1620 3313 ex
1660 3274 1798 3319 animi

146 3333 364 3383 sententia.
401 3334 575 3385 Natum
599 3331 754 3382 diceres
783 3336 827 3380 in
856 3333 1091 3382 arduorum
1117 3334 1451 3398 expeditionem,
1477 3338 1521 3380 δε
1545 3348 1690 3382 tamen
1716 3335 1799 3384 suis

1014 3403 1041 3448 S
1056 3418 1074 3445 s
1090 3418 1107 3446 s
1126 3417 1143 3445 s
1159 3418 1176 3446 s
1217 3416 1235 3458 3
1685 3400 1798 3451 nihil
