2321 4013
241 303 402 344 LIBER
431 303 651 346 SEXTVS.
710 303 983 345 SOCIETAS
1019 306 1581 350 FLANDRO-BELGXCA.
1681 299 1780 362 803

87 441 89 443 ι
126 380 166 429 di
171 400 308 447 gnum
337 399 421 430 erat
436 383 613 445 ferrum,
633 383 754 449 quod
780 383 948 432 alterius
961 384 1192 432 Sacerdotis
1210 385 1350 433 adhuc
1362 390 1543 435 viuentis
1564 403 1652 434 tam
1669 406 1784 438 atron

124 452 220 499 citer
239 447 461 497 adstrinxit
479 449 600 513 pedes
616 489 630 510 ,
649 466 695 498 vt
714 454 944 514 quotannis
969 457 981 506 (
999 459 1042 498 δε
1062 469 1195 498 annus
1226 451 1297 498 hic
1314 457 1487 516 quintus
1506 453 1694 501 decimus
1710 457 1768 503 est
1773 481 1784 515 5

124 511 275 561 acerbo
306 523 350 561 &
380 514 692 563 immedicabili
725 519 907 562 cruciatu
932 515 1105 563 vulnera
1125 517 1420 565 recrudescant.
1464 519 1630 566 Possem
1662 524 1786 567 Gou-

125 578 242 636 dam,
264 578 670 641 Ainsterodainuin,
691 580 972 644 Lugdunum,
998 585 1449 645 Hagain-COinituin,
1480 587 1782 649 Neomagum,

123 642 309 710 aliasque
330 643 454 693 Vrbes
478 646 705 709 producere
717 685 730 707 ,
756 645 912 709 quibus
930 647 1202 694 vinculorum
1221 657 1265 695 ἅ-
1288 666 1497 695 carcerum
1514 648 1694 714 gloriam
1712 651 1783 698 de-

123 707 193 756 bet
207 713 388 757 Societas
409 735 419 767 ·,
440 709 519 758 nisi
537 713 630 758 satis
650 713 744 759 esset
761 712 895 758 dicere
908 746 922 768 ,
941 711 1074 776 quam
1092 710 1172 758 late
1191 712 1350 760 haeresis
1368 715 1692 777 iinperat,iiobis
1708 735 1782 780 pa-

122 774 203 821 tere
219 774 479 822 Cliristianae
497 781 710 840 patientiae
731 776 960 823 theatrum.
992 775 1307 824 Foederatorum
1338 780 1516 842 quidem
1543 780 1780 843 Ordinum,
1797 793 1955 828 Pii-derasa·

119 856 197 904 pro
213 844 393 905 ingenio
413 846 564 905 gentis,
585 846 723 888 maior
737 841 914 889 fortassis
930 842 1024 888 esset
1041 841 1285 889 humanitas
1305 861 1401 907 erga
1416 863 1493 890 nos
1507 884 1520 904 ‚
1538 843 1570 892 si
1585 864 1674 893 non
1690 866 1779 911 per·
1798 842 1935 874 0⁷'d²'⁷“
1947 848 1980 876 ‘r‘

120 909 254 970 petuis
283 906 790 972 pseudoeuangelicorum
819 911 1100 972 querimoniis
1126 907 1179 954 ad
1219 909 1424 955 [ruitiam
1449 910 1777 959 accenderentur.
1796 893 1979 971 Ξῗὲἶὲἷζη

119 972 179 1018 At
194 969 257 1018 illi
276 971 505 1019 Ministelli
520 974 807 1020 reformatores
827 971 1081 1037 Religionis,
1098 977 1175 1038 qui
1188 991 1283 1038 quae
1300 973 1457 1021 docent
1471 993 1605 1038 neque
1626 976 1780 1024 intelli-
1795 985 1916 1018 duntur
1932 986 1956 1019 ἰ»

118 1053 227 1099 gunt
249 1034 327 1101 ipsi
341 1066 354 1097 5
370 1056 508 1102 neque
527 1040 736 1087 constanti
761 1039 932 1103 possunt
950 1036 1172 1086 asseuerare
1187 1038 1429 1100 mendacio,
1458 1038 1673 1088 claflicum
1691 1041 1780 1089 bel-
1793 1032 1937 1112 F-(³'·“{⁰J

118 1100 161 1148 lo
175 1103 370 1150 Iesuitico
402 1122 544 1151 cauere
561 1105 746 1169 gestiunt
761 1131 775 1165 3
793 1107 895 1174 quia
917 1102 1089 1168 plagam
1109 1099 1188 1152 sibi
1220 1114 1263 1152 δε
1286 1104 1512 1170 synagogae
1527 1108 1607 1153 siiae
1621 1105 1781 1155 anobis
1797 1092 1909 1160 ΞΞ-ῗηρ(
1927 1094 1956 1113 ‘-

118 1171 288 1228 timent,
304 1186 438 1232 quam
454 1170 592 1216 sanare
606 1189 696 1217 non
722 1169 892 1233 possint.
948 1168 1096 1235 Qod
1113 1168 1280 1216 malum
1297 1175 1630 1235 praeoccupaturi
1646 1212 1660 1232 ,
1676 1171 1784 1221 vali-

118 1226 181 1280 dis
200 1232 397 1282 lateribus
413 1242 455 1282 δε
468 1235 586 1283 vasta
609 1235 729 1281 fauce
746 1235 946 1282 stentores
961 1275 972 1294 ,
1000 1236 1224 1282 aduersum
1241 1237 1410 1283 Iesuitas
1426 1241 1537 1284 intra
1555 1238 1641 1301 ipsa
1658 1242 1784 1286 Bata-

119 1301 198 1346 uiae
212 1299 364 1348 viscera
391 1300 562 1348 occulto
587 1299 811 1348 latrocinio
838 1300 1059 1365 grassantes
1082 1340 1095 1360 ‚
1131 1320 1231 1348 cum
1251 1305 1341 1348 raui
1361 1312 1404 1350 &
1429 1301 1514 1349 sine
1540 1302 1623 1350 fine
1650 1303 1785 1353 decla·

118 1381 253 1412 mant.
295 1365 509 1430 Lepidum
539 1365 708 1414 Goudae
721 1370 904 1430 contigit
923 1385 1057 1414 annos
1084 1365 1245 1413 abhinc
1261 1371 1434 1432 triginta
1456 1369 1532 1415 sex,
1572 1369 1784 1418 Theodo-

116 1432 223 1477 ricus
252 1431 531 1479 Stoofhemus
548 1448 666 1480 vetus
685 1431 894 1495 gladiator
919 1430 1027 1479 bene
1044 1431 1221 1496 longam
1249 1436 1292 1479 in
1316 1453 1393 1481 nos
1422 1432 1782 1483 declamationem

117 1489 380 1558 instituebat>
397 1496 514 1544 null-3
530 1516 569 1544 re
584 1514 866 1561 praeterquam
881 1495 1103 1544 calumniis
1125 1496 1359 1562 insignem.
1401 1498 1593 1546 Nullum
1611 1499 1782 1548 dicendi

119 1557 255 1610 finem
283 1579 448 1627 poterat
464 1566 656 1610 inuenire
669 1602 681 1621 ‚
700 1562 837 1610 donec
850 1562 1096 1627 prodigioso
1115 1561 1235 1627 signo
1254 1564 1424 1628 desuper
1443 1565 1688 1612 admonitus
1707 1567 1781 1627 est,-

118 1626 252 1690 quam
280 1629 375 1677 vere
400 1632 551 1676 omnia
578 1637 621 1676 δε
648 1629 783 1693 quam
809 1628 975 1684 diuino,
988 1627 1153 1675 afflatus
1180 1629 1325 1692 spiritu
1359 1630 1530 1677 diceret.
1570 1633 1780 1679 Immanis

117 1690 242 1740 bubo
259 1693 313 1740 de
339 1694 513 1741 summo
530 1693 627 1740 aedis
649 1693 833 1757 laqueari
848 1712 948 1739 cuin
967 1697 1130 1757 ingenti
1147 1693 1317 1758 strepitu
1331 1693 1518 1758 delapsus
1533 1695 1586 1742 ad
1609 1701 1781 1743 concio-

115 1762 256 1806 nantis
273 1777 401 1816 aures>
423 1768 467 1806 &
478 1762 636 1805 circum
654 1758 872 1805 ardentem
889 1775 1050 1804 cereum
1068 1758 1348 1824 codicemque
1366 1760 1547 1819 sacrum,
1563 1778 1694 1823 quem
1709 1775 1782 1807 anss

116 1838 157 1870 te
174 1824 212 1871 se
229 1841 420 1888 apertum
442 1823 597 1871 dozstor
612 1822 681 1870 ille
696 1822 912 1883 vomebat,
935 1840 993 1870 ter
1008 1822 1237 1888 quaterque
1251 1822 1470 1884 selibram,
1488 1823 1607 1889 quasi
1619 1824 1780 1875 alarum
1802 1863 1805 1867 .

116 1886 264 1953 plausit
294 1889 596 1954 comprobaret
621 1888 748 1937 verba
772 1892 975 1953 praeconis
995 1889 1057 1936 sui
1075 1929 1088 1949 ,
1115 1890 1354 1938 vniueriam
1380 1891 1650 1938 audientium
1666 1909 1781 1939 coro-

117 1972 221 2001 nam
248 1974 349 2003 cum
368 1956 451 2002 risu
473 1954 705 2020 plausuque
733 1953 894 2002 dimisit
911 1991 920 2000 .
961 1953 1275 2002 Huiuscemodi
1308 1954 1511 2002 ministris
1531 1961 1662 2004 vtitur
1677 1957 1781 2004 sata-

116 2037 188 2067 nas
208 2021 260 2067 ad
276 2019 564 2069 vlciscendum
592 2019 790 2067 dolorem
815 2020 939 2067 suum
954 2018 1157 2067 haustum
1175 2038 1223 2066 ex
1249 2036 1314 2067 tot
1329 2024 1574 2067 animatum
1600 2023 1780 2084 iactura,-

117 2104 220 2150 quas
238 2085 343 2150 lupo
359 2084 421 2133 illi
437 2102 594 2150 ereptas
612 2126 623 2145 ‚
647 2089 687 2132 C
703 2103 736 2133 H
753 2103 785 2134 R
806 2103 822 2132 1
845 2095 862 2132 s
885 2102 914 2132 T
931 2101 961 2131 o
990 2085 1150 2132 Pastori
1175 2103 1274 2133 vero
1291 2085 1564 2133 restituimus.
1596 2084 1794 2135 Illorum-

118 2151 307 2198 maxime
334 2151 523 2213 impulsu
551 2149 606 2198 ab
634 2147 878 2199 Ordinibus
907 2151 1093 2197 feruntur
1128 2149 1267 2198 edifica
1294 2177 1304 2209 3
1336 2160 1379 2199 ὃς
1407 2149 1772 2215 inquisitionibus,

117 2215 573 2281 comprehensionibus
589 2248 602 2276 5
634 2203 809 2274 exsiliis,
839 2214 1094 2277 carceribus,
1116 2215 1322 2276 vinculis,
1340 2217 1504 2263 saeiiitur
1522 2220 1566 2263 in
1594 2217 1779 2276 Iesuitas5

119 2299 207 2330 non
225 2281 391 2330 alterius
426 2282 560 2347 culpa:
592 2300 679 2330 reos
707 2282 840 2347 quam
859 2280 1033 2329 defensae
1056 2279 1294 2345 Religionis
1322 2281 1594 2345 Ortliodoxae
1609 2322 1622 2342 ,
1641 2301 1693 2328 ne
1711 2281 1784 2330 illa

119 2352 285 2411 penitus
304 2353 474 2397 intereat
497 2353 543 2395 iis
560 2351 604 2394 in
618 2347 816 2409 locis,vbi
829 2346 1055 2412 quondam
1072 2346 1326 2394 ffinffiffime
1344 2346 1455 2395 culta
1465 2363 1691 2412 tamquam
1707 2349 1781 2395 suo

119 2416 162 2459 in
182 2412 336 2477 Regno
352 2414 650 2479 triumphauit.
701 2415 751 2461 Id
768 2413 938 2478 potestis
958 2412 1057 2459 scire
1075 2447 1090 2472 ‚-
1106 2421 1148 2460 &
1173 2412 1274 2463 vero
1288 2415 1411 2474 scitis,
1429 2413 1631 2462 Fcederati
1650 2413 1783 2461 Ordi-

46 2486 49 2493 '
118 2491 189 2526 nes
211 2519 224 2540 ,
243 2478 274 2527 si
287 2484 530 2545 permittitis
559 2496 605 2527 vt
619 2498 695 2528 vos
713 2477 984 2543 compellem.-

428 2553 522 2595 Non
537 2564 603 2592 nos
626 2556 695 2592 aut
705 2546 815 2610 firro
846 2544 1014 2592 Batauos‘
1022 2543 1200 2611 populare
1209 2551 1367 2610 penates

280 2671 285 2673 μ
439 2615 636 2671 Venimus,
966 2658 974 2671 s,
1361 2657 1363 2659 ,
1485 2659 1487 2661 ,

120 2692 192 2723 aut
208 2674 395 2724 insidiari
413 2677 663 2740 cuiusquam
679 2679 794 2734 vitae,
816 2691 888 2722 aut
920 2674 1112 2722 aduersus
1140 2672 1374 2738 Re‘mpubl.
1405 2673 1587 2722 vestram
1618 2676 1782 2723 inachi-

121 2745 222 2790 nari.
253 2740 420 2790 Fabulae
437 2741 525 2789 istae
541 2741 648 2799 sunt,
669 2748 815 2788 contra
831 2758 934 2804 quas
952 2757 1126 2787 centum
1143 2744 1229 2786 iam
1248 2743 1349 2785 anni
1363 2739 1490 2799 stant,
1511 2748 1555 2787 &
1582 2740 1782 2789 secularis

121 2807 264 2855 nostra
281 2811 539 2854 innocentia.
557 2807 812 2871 AEqut'imne
828 2809 957 2870 igitur
972 2825 1049 2855 vos
1067 2802 1302 2859 exacerbari
1323 2817 1559 2869 paucorum
1581 2807 1782 2854 Sacerdo-

121 2887 217 2920 tum
236 2871 421 2933 latebris,
440 2881 483 2922 δε
495 2871 702 2932 modesta,
720 2871 845 2919 vobis
862 2870 1132 2931 ''ueinnoxiQ
1144 2869 1318 2918 viuendi
1341 2875 1517 2927 ratione,
1535 2871 1783 2923 conseruan-

123 2936 186 2985 dis
202 2937 384 3003 reliquiis
400 2938 674 2986 Ortliodoxae
693 2936 806 2984 Fidei
828 2935 857 2983 il
877 2940 956 2996 ius,
970 2945 1103 3001 quam
1127 2939 1303 2983 maiores
1324 2936 1449 2984 vestri
1467 2955 1614 2983 omnes
1636 2936 1782 3002 publi-

124 3005 169 3050 ce
189 3004 354 3068 professi
371 3005 481 3064 sunt,
496 3023 631 3068 quam
652 3001 915 3067 templorum
935 3006 1104 3066 parietes
1129 3020 1177 3048 ac
1190 3001 1399 3059 fenestrae,
1422 3021 1555 3066 quam
1571 3006 1775 3066 imagines

128 3067 189 3122 (fi
206 3088 295 3116 non
313 3088 461 3117 omnes
479 3067 695 3128 violastis)
714 3080 847 3132 quam
864 3067 974 3114 senes
1000 3067 1213 3131 Vtriusque
1234 3071 1433 3130 temporis
1460 3068 1576 3114 testes
1607 3105 1620 3124 ,
1645 3084 1777 3129 quam

123 3131 223 3182 libri
240 3143 283 3182 &
303 3133 535 3182 litterarum
553 3150 840 3182 monumenta
854 3132 1179 3181 commendant?
1201 3136 1239 3189 Si
1254 3132 1422 3192 hrdaeis,
1440 3130 1627 3178 siTurcis
1646 3131 1779 3177 Chri-

125 3200 251 3248 stiani
269 3204 460 3247 nominis
481 3199 869 3259 hostibus‚veniam
887 3198 993 3246 datis
1010 3197 1242 3246 exercendae
1281 3197 1408 3252 ‘alam
1427 3198 1668 3259 impietati&
1698 3214 1779 3243 no-

125 3262 206 3325 bis,
222 3264 368 3313 saltem
386 3265 628 3313 Christiana
645 3264 736 3329 lege
761 3267 1005 3312 coniumstis
1024 3303 1037 3324 ‚
1070 3263 1137 3312 vel
1160 3281 1265 3310 occu
1288 3280 1381 3309 tum
1404 3279 1510 3308 verae
1537 3259 1776 3323 Religionis
1818 3307 1822 3312 ,

124 3334 371 3378 exercitium
388 3330 642 3378 interdicetis
659 3342 672 3376 ἓ
699 3334 809 3394 Ergo
827 3349 922 3395 quae
941 3329 1137 3377 sceleratis
1151 3367 1163 3388 ,
1183 3344 1276 3392 quae
1294 3324 1458 3391 perfidis
1473 3363 1485 3384 ,
1508 3343 1602 3388 quae
1633 3329 1777 3389 impiis

6 3416 8 3429 ·
55 3403 58 3409 '
125 3392 245 3443 licere
259 3396 401 3455 vultis3
424 3395 501 3444 soli
518 3415 594 3446 nos
608 3393 1237 3459 mulctis,exfiliis,carceribus,
1265 3389 1779 3456 squallore,iuedi21‚01rini

1075 3463 1120 3506 Ii
1138 3461 1202 3505 iii
1243 3476 1266 3501 2.
1627 3473 1779 3505 aeruni—
