2321 4013
243 284 403 325 LIBER
442 273 659 324 SEXTVS.
700 282 974 324 SOCIETAS
1015 283 1581 326 FLANDRO·BELGICA.
1666 285 1774 339 809

124 359 392 427 plumboque
418 360 648 409 trucidatus
672 360 910 409 occumbit.
937 358 1064 407 Otho
1088 360 1274 426 denique
1298 361 1552 425 Campensis
1568 401 1582 420 ‚
1598 367 1642 410 in
1659 370 1774 413 cuius
1795 380 1832 412 P.
1849 375 1930 411 Otho

126 444 237 474 aures
255 426 450 475 Ernestus
475 426 699 473 Archidux
714 430 850 474 animi
869 424 928 473 sui
945 443 1076 472 noxas
1109 444 1243 491 nuper
1267 426 1536 490 deponebat,
1558 427 1665 475 dum
1682 430 1773 476 sau-
1796 426 1982 473 Campensfx.

126 495 292 539 ciorum
306 491 495 556 aliquem
514 491 590 538 suo
604 490 719 538 collo
738 491 1014 538 inhaerentem
1031 510 1079 538 ex
1096 495 1207 539 caede
1224 496 1359 557 eripit,
1384 492 1439 540 ab
1455 493 1579 541 hoste
1594 498 1776 543 circum-

125 574 272 604 uentus
297 574 375 621 pro
403 556 539 604 alien-3
562 556 693 604 salute
723 556 925 604 seruanda
955 555 1098 604 amisit
1124 557 1258 604 suam.
1300 558 1524 606 Caesorum
1553 560 1775 622 cadauera,

124 638 169 670 vt
184 622 283 669 hinc
300 623 473 682 odium,
489 640 615 686 atque
632 641 682 669 ex
695 622 801 670 odio
830 622 1013 670 caulsam
1041 627 1153 670 necis
1172 622 1346 686 colligas
1363 662 1377 682 ,
1406 624 1535 689 vsque
1557 625 1609 672 eo
1635 625 1777 673 defor-

124 704 238 735 mata
264 686 511 737 vulneribus
539 689 653 735 fuere
669 729 682 748 ,
716 697 759 735 ὃς
792 686 995 735 membris
1023 687 1244 744 mutilata,
1261 706 1308 736 vt
1331 693 1437 735 inter
1467 690 1506 737 se
1524 693 1775 756 recognosci

122 770 367 817 numquam
382 757 613 817 potuerint.
653 752 845 800 Decebat
862 753 957 800 sane
974 769 1066 799 tam
1082 757 1306 800 vnanimes
1324 757 1435 801 viros
1453 794 1466 814 ,
1483 773 1672 819 quorum
1701 775 1776 820 par

121 836 236 866 mors
257 819 486 883 mortisque
515 817 666 879 cauffa,
687 838 740 865 ne
757 816 1031 866 cadaueribus
1060 817 1238 882 quidem
1259 818 1372 881 posse
1390 819 1585 867 discerni.
1624 822 1777 871 Valuit

123 901 361 949 paucorum
384 889 515 932 virtus
539 884 593 931 ad
616 902 900 932 communem
928 886 1133 931 omnium
1151 881 1350 947 gloriam.
1391 887 1452 930 Ex
1471 902 1523 930 eo
1538 886 1607 931 die
1632 888 1684 934 ad
1699 893 1776 935 So-

119 953 278 996 ·cietatis
304 950 665 998 existimationem
695 948 858 997 accessit
872 953 1003 996 etiam
1032 951 1263 996 veneratio.
1295 952 1475 996 Sanaos
1500 953 1641 997 Patres
1661 951 1776 1009 illos,

121 1015 298 1079 vereque
313 1015 530 1079 Martyres
546 1014 705 1063 ferebat
718 1016 851 1074 fama,
866 1024 910 1063 ὃς
929 1013 1056 1062 multi
1071 1013 1275 1078 sapientes
1297 1013 1523 1061 credidere.

186 1084 361 1128 Secutus
374 1081 434 1129 est
449 1099 586 1128 annus
602 1079 740 1128 saeculi
755 1084 892 1127 euntis
912 1085 1092 1144 primus,
1108 1089 1152 1127 δε
1170 1079 1365 1128 Ostenda
1384 1084 1521 1144 premi
1546 1079 1600 1128 ab
1616 1080 1776 1129 Archi-

123 1143 231 1193 duce
252 1147 528 1211 eoepta,plus
560 1145 694 1211 quam
722 1144 938 1194 triennalis
968 1145 1104 1194 labor.
1134 1149 1336 1192 Duorum
1367 1145 1489 1210 supra
1511 1145 1775 1211 septuaginta
1861 1200 1863 1205 y

121 1211 313 1259 millium
326 1212 532 1277 sanguine
543 1210 717 1260 obfidio
733 1230 779 1258 ea
797 1211 979 1260 Alberto
998 1214 1128 1258 etiam
1146 1214 1303 1260 vietori
1321 1211 1448 1258 stetit.
1470 1215 1642 1258 Parrum
1660 1212 1774 1259 mul·
1793 1208 1838 1262 1²².
1851 1205 1983 1287 Offzqa-

121 1293 184 1324 tos
201 1293 291 1325 tam
304 1277 409 1325 dura
424 1279 557 1327 castra
567 1279 790 1342 fregerunt.
830 1277 950 1324 Peste
963 1275 1131 1340 aliquot
1155 1279 1335 1324 extine‘ti
1349 1316 1363 1336 ,
1386 1276 1553 1341 aliquot
1579 1276 1775 1341 discerpti
1795 1256 1983 1336 22³2ssssssss

122 1342 277 1407 globi53
294 1343 489 1409 interque
511 1343 589 1391 hos
610 1348 930 1391 Germanorum
958 1342 1139 1406 quidam
1167 1341 1402 1406 appellatus
1429 1341 1666 1407 Apostolus
1685 1381 1697 1400 ,
1725 1362 1775 1391 eo
1798 1352 1952 1384 ‘Parrum

121 1413 300 1456 nomine
313 1408 538 1474 dignus,P.
557 1410 911 1473 Spikermannus,
928 1406 1050 1472 quod
1067 1406 1122 1454 ad
1144 1407 1278 1455 solam
1293 1408 1537 1455 Ostendam
1554 1426 1664 1455 Vnus
1691 1409 1778 1473 ipse

121 1477 398 1540 odringentos
420 1473 604 1540 amplius
630 1474 685 1521 ad
712 1492 858 1523 veram
875 1475 1038 1521 reduxit
1067 1472 1333 1534 Fidem,non
1359 1478 1573 1539 gregarios
1606 1474 1778 1524 tantum

121 1538 233 1600 illos,
252 1540 320 1588 sed
334 1543 476 1588 Duces
491 1558 668 1605 quoque
683 1558 733 1586 ac
748 1538 986 1587 Tribunos.
1030 1542 1143 1602 Qs
1159 1544 1465 1603 aegrotantium
1484 1556 1558 1586 aut
1583 1538 1780 1589 vulnera-

120 1623 268 1654 torum
285 1606 487 1654 exstiterit
505 1623 708 1654 numerus
723 1644 735 1664 ,
753 1608 931 1669 cogitari
960 1603 1123 1651 facilius
1151 1608 1284 1668 quam
1301 1604 1388 1652 dici
1406 1604 1557 1669 potest.
1598 1608 1778 1654 Horum

122 1676 327 1720 omnium
351 1676 523 1733 animis,
538 1680 582 1720 &
596 1671 681 1736 qua
695 1669 848 1718 licebat
865 1668 1131 1733 corporibu3‚
1148 1670 1312 1716 mederi
1337 1673 1511 1716 Parrum
1532 1669 1779 1719 nostrorum

47 1772 51 1777 -
120 1739 220 1797 fuit,
236 1736 316 1785 nisi
329 1737 548 1802 pecudum
566 1754 686 1784 more
700 1739 1038 1801 permitterentur
1056 1737 1183 1780 mori.
1197 1733 1391 1780 Aliunde
1414 1733 1525 1781 nihil
1549 1735 1693 1795 auxilij
1714 1736 1783 1782 so-

47 1838 51 1841 ·
119 1801 266 1852 latiive
284 1803 537 1867 sperandum
555 1800 743 1849 habebat
761 1799 884 1848 turba
903 1797 973 1846 illa
993 1797 1262 1854 miserabilis,
1280 1795 1361 1846 nifi
1376 1798 1400 1846 a
1419 1803 1592 1845 Parrum
1611 1803 1783 1863 pietate,

122 1867 280 1933 quibus
293 1886 429 1918 vitam
447 1867 578 1915 multi
594 1867 815 1923 struatam,
832 1864 959 1913 multi
975 1880 1262 1928 recuperatam
1278 1864 1501 1925 sanitatem
1519 1863 1717 1912 debuere.
1731 1869 1783 1914 Et

122 1937 334 1998 quoniam
353 1934 483 1982 castra
506 1949 670 1981 tantam
685 1932 905 1980 inutilium
924 1935 1098 1993 copiam
1118 1948 1209 1977 non
1236 1926 1428 1976 ferebant
1444 1967 1456 1989 ‚
1486 1933 1649 1994 Brugas
1677 1935 1784 1980 vici-

123 2018 227 2048 nam
246 1998 400 2049 vrbem
425 1998 774 2063 deportabantur3
791 1996 868 2046 vbi
883 1994 1005 2044 breui
1022 1999 1053 2042 is
1080 2012 1281 2042 numerus
1293 1995 1392 2054 suit,
1410 2013 1543 2059 quem
1568 1999 1676 2043 oero
1689 2016 1784 2044 ma-

122 2083 206 2129 gna
221 2065 474 2113 nosocomia
492 2082 639 2128 capere
660 2068 730 2112 vix
758 2060 1032 2110 sustinebant.
1059 2064 1156 2108 Hac
1175 2077 1290 2125 parte
1305 2063 1444 2106 oneris
1461 2059 1682 2108 castrenses
1703 2067 1783 2110 Pa-

123 2147 203 2178 tres
223 2130 463 2179 subleuauit
476 2128 664 2195 Collegij
683 2126 908 2191 Brugensis
921 2126 1115 2175 charitas:
1132 2125 1252 2191 quod
1264 2125 1346 2172 fere
1360 2124 1594 2184 consueuit,
1612 2132 1782 2190 quoties

125 2196 384 2245 inhabitatas
399 2195 526 2244 nobis
543 2194 681 2255 vrbeS,
700 2193 768 2244 vel
785 2193 1100 2251 hibernaturuS,
1127 2189 1195 2242 vel
1210 2191 1264 2241 ab
1288 2195 1491 2240 aerumnis
1516 2193 1781 2253 recreandus,

126 2261 247 2310 miles
265 2263 502 2310 inducitur.

192 2327 397 2376 Ceterum
424 2329 480 2376 ad
505 2327 748 2375 Ostendam
776 2323 912 2374 multa
939 2333 983 2373 δε
1013 2341 1131 2372 noua
1147 2324 1408 2372 Christianae
1433 2326 1597 2387 pietatis
1624 2327 1781 2371 excita-

129 2411 276 2441 menta
293 2399 337 2441 in
351 2394 474 2443 vsum
487 2393 634 2441 induci
647 2410 806 2457 coepta,
824 2400 866 2439 δε
883 2390 1142 2458 quibusdam
1158 2389 1280 2456 quasi
1305 2388 1472 2455 legibus
1501 2388 1555 2436 ad
1571 2387 1780 2437 stabilita„

127 2473 214 2506 tem
233 2458 503 2517 confirmata3
520 2459 588 2506 sed
609 2457 818 2523 praecipue
846 2458 938 2506 haec
956 2474 1151 2523 quatuor.
1193 2454 1476 2504 sacrosanetae
1504 2455 1778 2504 Eucharistiae
1803 2457 1865 2489 Pia
1882 2456 1980 2509 ‘'Offi-

127 2529 448 2574 Sacramentum
464 2525 660 2588 deinceps
679 2525 735 2573 ad
761 2542 896 2589 aegros
920 2522 1079 2587 magn-li
1095 2523 1258 2586 pompa
1285 2519 1514 2586 multisque
1540 2519 1780 2568 luminibus
1805 2515 1934 2585 J‘grgn

128 2590 322 2640 defertor.
362 2594 486 2639 Statis
506 2609 577 2654 per
599 2591 715 2638 diem
739 2590 856 2637 horis
879 2590 932 2636 ad
961 2587 1071 2636 nolae
1096 2586 1268 2652 iignum
1301 2587 1441 2633 Missae
1467 2585 1668 2640 sacrificia
1696 2604 1785 2649 per-

126 2675 328 2722 aguntor.
366 2657 520 2718 Mane,
539 2656 716 2705 meridie
742 2675 789 2702 ac
814 2654 984 2718 vespere
1014 2652 1220 2700 tubarum
1238 2669 1364 2699 cantu
1381 2649 1552 2716 signum
1566 2652 1786 2716 Angelicae

129 2722 410 2771 Salutationis
429 2721 565 2771 dator.
605 2726 653 2769 In
679 2725 854 2768 Parrum
870 2714 1147 2768 tabernaculo
1177 2735 1274 2766 ante
1300 2721 1490 2782 Virginis
1516 2721 1785 2782 Deiparentis

127 2788 310 2837 statuam
342 2788 503 2854 lampas
528 2791 766 2851 perenniter
803 2786 958 2834 luceto.
1006 2784 1228 2832 Postrema
1251 2783 1341 2830 haec
1361 2783 1614 2830 constitutio
1638 2789 1789 2849 ingens

129 2853 183 2901 ad
199 2853 481 2901 deuotionem
503 2852 702 2901 stimulus
731 2853 814 2899 fuit
830 2850 1027 2900 vniuerso
1052 2850 1232 2915 quidem
1258 2848 1414 2909 militi,
1433 2849 1504 2896 sed
1533 2849 1789 2896 excubitori-

131 2917 210 2967 bus
228 2919 515 2985 potissimum³
533 2923 611 2984 qui
633 2936 879 2982 numquam
892 2915 1096 2975 interdiu,
1120 2933 1364 2980 numquam
1383 2917 1520 2962 nostri
1536 2913 1788 2975 transibant,

130 2985 212 3033 nisi
229 3003 436 3050 ponerent
453 2985 577 3034 humi
594 3002 732 3049 genua
744 3024 760 3045 ‚
776 2986 971 3047 Deiparae
991 2979 1273 3028 inclamarent
1297 2998 1429 3044 opem
1443 3019 1456 3039 ‚
1484 2981 1695 3045 suamque
1725 2980 1786 3026 illi

130 3054 268 3099 viram
297 3061 340 3099 &
359 3052 535 3099 salutem
563 3048 934 3106 commendarent,
951 3046 1065 3094 haud
1082 3046 1178 3093 sane
1202 3045 1425 3111 languide,
1440 3044 1470 3093 si
1486 3047 1607 3110 quod
1625 3048 1787 3108 pericu-

132 3114 224 3164 lum
239 3116 473 3165 ceruicibus
490 3115 738 3180 impendere
755 3112 1002 3162 sentiebant.
1040 3116 1147 3159 Haec
1161 3111 1216 3159 ad
1235 3111 1482 3159 Ostendam
1497 3112 1659 3158 decreta
1676 3129 1685 3153 :
1709 3109 1787 3155 ali-

132 3181 178 3228 bi
192 3181 295 3235 alia,
312 3201 405 3247 quae
426 3200 506 3246 pro
530 3198 723 3245 tempore
748 3196 946 3244 perpetua
962 3178 1241 3226 emendandae
1266 3177 1432 3240 militiae
1456 3193 1551 3223 cura
1580 3173 1784 3221 dietabat.

132 3249 255 3295 Nam
271 3267 365 3312 quae
382 3252 585 3296 omnium
603 3245 931 3310 expeditionum
946 3244 1058 3304 sunt,
1073 3243 1270 3292 abstineo
1283 3244 1432 3290 dicere:
1455 3237 1612 3287 multos
1631 3238 1687 3285 ab
1703 3239 1788 3285 hae-

134 3311 209 3360 resi
225 3313 451 3373 abdutstos3
469 3312 655 3371 iurandi,
675 3312 888 3375 peierandi
901 3350 914 3372 ,
935 3309 1265 3374 blasphemandi
1285 3306 1483 3354 inolitam
1514 3304 1789 3352 consuetudi-

137 3395 237 3429 nem
254 3379 542 3445 exstirpatam3
567 3380 717 3427 eie&as
736 3376 906 3442 pellices
921 3384 965 3424 δε
990 3375 1135 3489 [6ξῖξέ
1153 3373 1369 3485 licentiam
1396 3369 1628 3419 militarem
1655 3373 1699 3416 in
1718 3388 1792 3444 pe-

956 3443 999 3489 K
1166 3458 1181 3466 ”
1658 3451 1794 3486 cuniis
