2321 4013
514 248 848 291 INDEX

139 336 232 374 negat
255 324 317 359 suis
347 322 481 359 subditis
496 325 675 362 libertatem
697 325 906 362 conscientiae.

180 379 255 417 895.

98 422 230 470 Regum
246 419 408 469 Hispaniae
424 422 457 454 in
472 423 665 457 Societatem
684 422 906 457 beneficentia.

154 482 192 512 23
206 483 229 507 ς.

100 519 201 566 Regis
214 519 366 552 Sinarum
382 518 415 550 in
427 519 538 552 Socios
548 517 740 566 benignitas.

100 565 329 606 Rstudeneira,
343 567 418 599 vnde
434 568 546 600 Petrus
569 566 793 600 Ribadcneira.

99 614 264 649 Robettus
294 612 506 648 Bellarminus
530 614 685 649 omnibus
710 615 908 648 venerationi

182 662 237 695 est.
843 666 906 706 593

140 709 223 758 quid
232 710 331 757 egerit
346 710 378 741 in
395 708 517 756 Belgio.
843 715 908 744 860

140 757 358 804 Theologiam
371 760 508 804 Louanij
526 756 683 792 concursu
702 768 822 804 magno
832 751 907 806 pro-

840 530 905 562 223

207 804 328 845 fitetur.
846 817 858 849 3
870 818 906 849 39

150 852 397 888 Cardinalarum
409 855 534 901 cogitur
543 851 723 888 admittere.
843 867 882 900 59
889 867 907 894 7

147 901 164 936 a
178 900 320 949 suscepta
332 901 486 949 dignitate
496 900 691 936 submiffior.
828 903 907 936 z'bzd.

149 949 209 985 fibi
220 948 277 983 soli
290 950 422 983 vilelcit.
844 964 883 996 59
891 955 906 985 3

147 1012 223 1032 cum
238 1000 391 1046 opinione
402 996 573 1031 sanctitatis
593 999 742 1032 moritur.
844 1012 906 1044 599

102 1047 242 1083 Robetti
257 1046 424 1092 Claissbnij
441 1045 634 1093 eloquentia.
759 1060 803 1089 74
810 1059 823 1091 5
831 1051 906 1090 :743

102 1095 254 1131 P.Rochi
270 1093 474 1135 Gonsales‚&
484 1092 830 1142 AlphonfiRodrigues
842 1098 911 1139 cela

150 1156 205 1178 cor
216 1155 285 1177 wora
299 1145 389 1177 exuri
405 1155 471 1176 non
489 1140 629 1190 poll'unt.
680 1148 756 1177 626.
776 1143 905 1189 ὠμῆς.

102 1157 256 1227 Ruarcius
289 1194 457 1239 Tapperus
488 1190 671 1225 Academiae
702 1190 908 1225 Louanieniis

171 1238 392 1274 Cancellarius
413 1238 488 1273 facit
498 1240 665 1272 Exercitia.
842 1253 860 1283 7
868 1252 881 1281 3
892 1253 902 1273 1

142 1291 338 1323 Societatem
355 1286 556 1335 deprzcdicar.
842 1292 858 1322 8
867 1292 881 1321 8
889 1291 908 1321 6

140 1339 208 1370 eius
220 1334 341 1384 insigne
351 1336 573 1369 testimonium
582 1335 622 1369 de
633 1337 667 1370 P.
680 1330 834 1369 Adriano.
842 1349 861 1378 7
870 1347 881 1378 3
889 1340 907 1369 6

102 1383 302 1432 Rudolphus
313 1385 485 1431 Aquauiua
499 1385 624 1431 primus
637 1385 654 1418 ὲ
666 1385 822 1418 Societate
844 1386 909 1417 Re-

177 1445 280 1481 gnum
292 1433 443 1480 Mogoris
459 1430 548 1466 adiit:
559 1435 626 1466 eius
642 1432 707 1467 illic
715 1430 861 1465 ramentas
875 1435 909 1465 ὃς

174 1482 382 1515 continentia.
843 1495 859 1515 2
867 1494 883 1514 2.
891 1493 905 1525 5

145 1542 222 1564 cum
240 1540 380 1577 quatuor
396 1529 499 1562 Sociis
514 1526 694 1563 trucidatur
709 1528 727 1562 a
746 1527 905 1563 Barbaris.

173 1591 187 1623 5
198 1578 386 1624 26·&fi’w·

100 1625 302 1674 Rudolphus
315 1623 564 1672 Habsburgicus
577 1625 757 1673 Imperium
766 1622 909 1673 acquisi-

157 1676 204 1708 uit
223 1673 405 1722 Religione.
839 1677 879 1716 89
889 1687 905 1707 z

101 1723 360 1757 Ruraemundani
371 1721 499 1768 Collegi
502 1725 510 1766 j
522 1722 624 1768 origo.
841 1735 860 1765 7
867 1734 880 1767 5
888 1734 907 1765 9

489 1794 524 1826 S.

163 1864 339 1899 Acerdotes
366 1862 492 1898 indocti
517 1862 612 1898 facile
641 1872 906 1897 contemnuntur.

204 1926 282 1956 434·

102 1965 385 1996 Sacramentorum
408 1959 625 2008 frequentatio
635 1987 645 2002 ,
677 1955 814 2004 eiusque
838 1954 911 1990 fru-

164 2011 246 2043 ctus.
847 2017 908 2048 372

103 2057 145 2092 de
160 2060 443 2092 §aeramentorum
455 2056 513 2091 vsu
527 2067 582 2104 per
591 2056 783 2088 Societatem
793 2065 911 2101 propa-

157 2117 232 2153 gato
245 2117 438 2153 magnorum
448 2108 594 2139 virorum
605 2103 796 2136 testimonia.
827 2101 909 2136 und.

108 2204 114 2209 .
155 2158 195 2190 Φ
209 2154 302 2201 fiqq-
447 2202 453 2206 ,
511 2202 515 2206 ,
573 2201 578 2206 .
719 2200 724 2205 .

106 2215 139 2235 1n
153 2204 434 2236 sacramentorum
445 2201 644 2234 instituuone
662 2200 727 2232 Dei
742 2197 843 2231 elucet
851 2196 912 2231 bo-

155 2252 247 2283 nitas.
837 2251 895 2289 369
904 2271 911 2278 .

105 2299 146 2332 ad
162 2300 445 2332 §aeramentorum
461 2296 667 2344 frequentem
685 2293 780 2329 vsum
795 2297 913 2329 Socie-

190 2357 235 2379 tas
246 2346 402 2379 hortatur.
850 2355 886 2386 37
897 2355 907 2376 r

144 2406 318 2442 opponunt
334 2393 364 2426 se
377 2393 550 2434 Valentini,
562 2390 613 2425 sed
624 2390 752 2426 frustra.
832 2391 913 2424 ibzd.

110 2442 277 2476 Saecularis
287 2455 389 2476 annus
406 2440 460 2476 scu
475 2441 638 2476 Iubileiun
650 2439 833 2475 Academia:
845 2442 909 2473 Lo-

155 2490 325 2524 uanienfis.
893 2501 911 2530 9

109 2538 225 2572 Saeculi
234 2539 332 2572 huius
341 2540 449 2586 imago
459 2537 591 2586 posteris
603 2535 825 2583 relinquenda.
897 2548 909 2570 1

146 2588 205 2620 erit
214 2588 347 2634 posteris
357 2586 468 2620 laetitiae
479 2584 580 2619 causs'a
588 2589 621 2619 δε
632 2596 806 2632 gratiarum
814 2586 916 2619 afflo-

168 2645 231 2667 nis.
894 2646 912 2667 2

110 2680 267 2716 Salomon
282 2685 315 2716 in
331 2681 468 2730 pueritia
478 2679 670 2715 venerabilis
683 2708 693 2723 ,
713 2683 747 2714 in
756 2679 916 2714 senectute

159 2729 373 2778 despicabilis.
872 2742 884 2770 3
894 2743 915 2772 7

111 2781 223 2814 saneti
238 2778 467 2826 tutelares,qui
482 2777 577 2811 natali
592 2776 742 2826 praesunt,
758 2776 843 2811 reste
858 2777 918 2811 'ob-

159 2826 335 2862 seruantur.
874 2840 889 2860 2
896 2839 916 2870 9

113 2876 225 2910 &misti
240 2887 313 2909 ante
323 2873 568 2909 conuerfionem
586 2885 695 2907 naeuos
710 2871 784 2907 suos
797 2876 832 2907 ὃς
841 2874 920 2907 vitia

159 2923 353 2958 habuerunt.
857 2934 864 2954 ι
877 2935 919 2967 50

114 2974 310 3006 sanctorum
321 2971 423 3006 cultus
439 2982 496 3018 per
510 2971 700 3004 Societatem
718 2970 869 3003 excitatus
885 2972 920 3003 in

168 3019 289 3067 Belgio.
572 3021 576 3025 ”
853 3032 919 3062 792

115 3069 273 3101 Sanffitas
288 3070 417 3116 Ignatij‚
433 3070 467 3100 δέ
485 3067 671 3112 Xauerij,&
683 3064 832 3100 aliorum.
854 3078 922 3110 700

116 3116 274 3149 Sanctitas
299 3122 333 3150 ὅς
353 3119 424 3152 vitae
437 3117 619 3150 innocentia
631 3117 665 3147 in
679 3115 795 3148 nostris
820 3116 922 3147 maio-

165 3163 265 3197 ribus.
842 3163 922 3196 z‘lnd.

120 3212 277 3245 Sanctitas
290 3238 300 3253 ,
316 3211 475 3246 fortitudo
487 3240 497 3254 ‚
521 3211 673 3261 sapientia
700 3211 862 3245 maiorum
875 3213 924 3244 ‘in

167 3260 266 3307 Agno
277 3263 380 3307 Apoc.
399 3262 615 3295 exhibentur.-
654 3260 668 3272 '
843 3259 920 3294 ibtd.

122 3306 385 3342 Schenckianum
403 3308 421 3341 a
432 3311 541 3357 Regiis
553 3310 764 3358 intercipitur.
858 3311 895 3342 81
905 3323 921 3357 5

122 3354 248 3389 Scholae
259 3357 436 3390 Societatis.
708 3358 924 3405 342.&fi’qq.

162 3402 294 3438 illustria
304 3403 345 3438 de
354 3406 394 3438 iis
409 3405 598 3440 testimonia.
711 3410 828 3455 345&
835 3406 923 3454 seqq.

970 251 1082 294 RE
1131 251 1340 292 RVM.

995 326 1136 375 ptaeclari
1150 340 1187 361 ex
1201 329 1238 361 iis
1251 328 1311 360 viri
1325 326 1483 375 prodiere.
1611 330 1756 375 345.436

995 389 1045 409 eas
1059 376 1174 457 Probat
1189 377 1409 423 Congregatio
1434 375 1576 424 Concilij
1596 380 1739 412 Car-dina
1750 401 1757 409 ·

1071 426 1140 457 ium
1155 423 1349 458 Tridentini.
1694 440 1755 469 347

995 472 1134 519 probant
1147 473 1208 506 etia
1223 475 1329 520 Reges
1339 475 1375 505 &
1385 474 1562 523 Principes.
1571 487 1630 522 345
1646 475 1757 519 &scq-

956 519 1150 554 scholarum
1163 522 1256 568 origo
1268 523 1302 554 in
1317 522 1484 556 Societate.
1690 534 1754 564 431

956 567 1149 602 Scholarum
1165 567 1303 603 fruc‘tus.
1525 584 1567 616 43
1578 586 1590 607 2
1599 585 1628 615 .4
1638 585 1650 617 3
1659 586 1672 619 5
1680 585 1735 614 ,77
1743 583 1755 604 1

954 615 1147 650 Scholarum
1162 616 1336 651 necessitas.
1688 631 1759 662 434

956 664 1067 697 Schola
1084 667 1236 698 altiorum
1243 667 1463 710 screntiarum.
1689 673 1756 711 469

958 715 982 744 S
985 712 1070 744 chola
1087 713 1313 746 humaniorum
1327 717 1517 750 litterarum.
1690 730 1734 759 47
1744 730 1754 750 t

958 758 1068 791 Schalae
1088 762 1306 807 Catechzstzcae.
1689 779 1758 809 472.

957 808 1171 840 scientiarum
1184 821 1276 842 variae
1291 812 1529 846 exercitationes
1542 814 1576 846 in
1592 814 1761 849 Societate.

1004 860 1046 897 64
1054 868 1082 900 5.

958 904 1105 937 Scientiis
1120 904 1216 936 etiam
1230 903 1374 950 profanis
1393 904 1467 940 vsus
1483 910 1683 943 S.Xauerius
1694 937 1704 952 ,
1726 913 1760 944 δε

999 953 1098 998 Socij,
1113 950 1153 984 ad
1163 950 1406 987 conuerlionem
1417 954 1587 991 Indorum.
1693 963 1760 1000 646

958 1001 1135 1047 Scriptores
1149 1001 1314 1034 Societatis
1330 1003 1422 1047 varij.
1691 1020 1734 1049 70
1743 1018 1756 1050 3

958 1049 1164 1082 Sebastianus
1192 1047 1361 1082 Batradius
1386 1050 1419 1082 in
1446 1049 1606 1086 Lusitania
1629 1051 1760 1088 summo

1005 1094 1116 1129 fruchi
1127 1095 1166 1129 ad
1177 1095 1337 1144 populum
1357 1096 1446 1130 dicit.
1696 1115 1708 1145 3
1721 1115 1760 1144 34

957 1143 1111 1178 selenites
1122 1157 1251 1192 gemma
1261 1143 1344 1178 lunae
1359 1147 1534 1193 imaginem
1546 1144 1653 1181 refert.
1695 1163 1712 1183 2
1720 1163 1734 1193 5
1743 1164 1760 1185 ι

958 1194 1135 1226 seminari-2
1145 1194 1162 1225 :i
1175 1192 1389 1227 Pontificibus
1411 1198 1446 1227 δε
1461 1193 1607 1242 Regibus
1615 1197 1758 1231 excitata.

1068 1253 1139 1284 349·
1654 1252 1657 1254 “

997 1287 1188 1322 eorumdem
1201 1287 1368 1338 disciplina
1380 1291 1514 1338 egregia,
1548 1292 1762 1341 Ἀγκύρῃ,

959 1339 1176 1371 Seminarium
1194 1340 1346 1371 Gonnum
1366 1340 1526 1372 variarum
1542 1341 1709 1375 nationum
1721 1354 1761 1374 a-

1018 1384 1256 1419 dolescentibus
1268 1384 1434 1433 frequens.

1743 1403 1763 1424 0

959 1435 1178 1468 Seminarium
1191 1435 1430 1468 Maronitarum
1441 1436 1568 1470 Rornae.
1698 1401 1763 1473 {is

958 1484 1114 1516 Senedms
1127 1494 1200 1516 vera
1214 1484 1246 1515 in
1258 1495 1326 1530 quo
1335 1482 1491 1517 consistat.
1723 1499 1762 1530 39

981 1542 984 1544 ·
1007 1533 1037 1563 in
1050 1543 1118 1577 quo
1137 1530 1282 1564 confistat
1293 1533 1360 1565 eius
1373 1534 1549 1566 maturitas.
1726 1538 1763 1576 36

959 1580 1115 1614 Senetfftus
1124 1591 1191 1612 non
1201 1577 1356 1614 censenda
1363 1581 1468 1613 annis.
1681 1583 1759 1617 ibid.

958 1631 1057 1663 Senes
1068 1629 1159 1674 pauci
1168 1628 1202 1660 in
1210 1630 1230 1662 S
1236 1629 1368 1662 ocietate
1378 1628 1422 1662 ob
1431 1627 1569 1663 iabores.
1724 1643 1736 1674 3
1746 1644 1762 1676 5

958 1680 1070 1716 Senes,
1081 1687 1135 1709 aut
1150 1677 1270 1718 Patres,
1285 1676 1365 1710 olim
1381 1675 1462 1711 dieti
1470 1689 1538 1710 non
1547 1677 1588 1713 ab
1597 1690 1697 1722 aetate,
1706 1679 1762 1714 sed

1011 1734 1127 1757 Virtute
1136 1727 1170 1757 ὃ(
1179 1737 1323 1759 munere.
1719 1741 1758 1772 39

957 1776 1056 1807 Senes
1068 1773 1160 1817 pueri
1170 1774 1410 1806 venerationem
1418 1783 1487 1804 non
1495 1784 1669 1807 merentur.
1721 1787 1760 1819 37

958 1822 1062 1853 Senex
1077 1820 1237 1851 iuuentuti
1249 1819 1423 1853 restitutus.
1694 1835 1713 1857 2
1721 1835 1734 1867 5
1742 1837 1761 1858 1.

959 1863 1121 1901 Sensuurn
1131 1864 1371 1899 oblectamenta
1383 1864 1568 1914 spiritualia.
1693 1883 1765 1912 430

960 1913 1150 1961 September
1165 1913 1312 1948 Hebraeis
1325 1917 1360 1947 δε
1378 1914 1473 1948 nobis
1486 1915 1617 1948 initium
1633 1915 1764 1953 Iubilei.

961 1974 1070 2056 Sicigj
1081 2011 1114 2042 in
1125 2021 1237 2044 necem
1249 2011 1383 2044 Parrum
1401 2010 1581 2059 Antaei-pia
1589 2013 1767 2047 &celorum

1019 2056 1169 2105 expediti.
1701 2065 1719 2095 8
1728 2074 1767 2106 39

961 2104 1190 2154 Sigismundus
1202 2104 1410 2141 HLPoloniae
1420 2108 1490 2141 Rex
1505 2108 1656 2141 Societati
1669 2107 1768 2144 fauet.

1000 2166 1130 2236 εἰιιςλάκῖὃ
1138 2181 1255 2236 scholis
1273 2205 1308 2236 δε
1327 2201 1485 2251 Collegiis
1498 2203 1613 2237 nostris
1627 2204 1772 2238 testimo-

1067 2264 1169 2284 nium.
1704 2264 1744 2296 34
1749 2266 1765 2299 5

963 2301 1103 2347 Signum
1130 2297 1252 2332 militiae
1289 2299 1403 2333 nostrae
1433 2300 1631 2348 praestantius
1663 2302 1769 2349 quam

1008 2348 1228 2382 Constmtini.

964 2395 1145 2431 Siluaducis
1161 2405 1362 2442 expugnatur
1379 2394 1396 2429 ἐι
1410 2397 1548 2431 Batauis.
1699 2363 1769 2443 ;}{

964 2442 1199 2479 Siluaducenlis
1213 2443 1353 2491 Collegij
1369 2447 1472 2492 origo.
1703 2459 1723 2489 7
1731 2449 1771 2492 58

1013 2491 1155 2526 eiusdem
1166 2493 1296 2525 iactura.
1701 2507 1770 2540 759

965 2540 1113 2583 Silueria‚
1131 2541 1202 2574 vide
1217 2537 1411 2576 Gonsaluus.

966 2588 1111 2624 Siluestri
1123 2588 1260 2623 Landini
1270 2590 1303 2621 in
1318 2587 1458 2622 dicendo
1471 2590 1533 2622 vis.
1557 2590 1771 2637 333.&[bqq.

966 2636 1225 2672 Similitudinem
1235 2636 1363 2672 affectat
1373 2649 1476 2671 amor.
1519 2650 1531 2671 1
1542 2651 1595 2681 29.
1611 2650 1682 2682 130.
1707 2651 1717 2672 1
1732 2650 1767 2681 31

966 2689 1081 2721 Simon
1098 2685 1292 2719 Rodericius
1316 2687 1351 2718 ἃ
1362 2686 1448 2733 Socij
1467 2687 1501 2719 in
1515 2684 1679 2721 Lusitania
1694 2684 1770 2719 san-

1011 2735 1127 2768 &itatis
1146 2732 1235 2767 fama
1253 2731 1429 2780 conspicui.
1703 2738 1768 2777 613

968 2784 1112 2817 Simonis
1130 2781 1295 2829 Rodericij
1311 2783 1456 2829 elogium
1470 2780 1656 2830 sepulcrale.
1703 2795 1770 2826 29²-

969 2830 1101 2865 sodales
1116 2833 1150 2865 Β.
1162 2832 1305 2878 Virginis
1321 2828 1394 2863 sunt
1408 2828 1556 2864 volucres
1565 2830 1643 2865 caeli.
1700 2844 1744 2873 42
1755 2843 1768 2864 1

1007 2880 1041 2911 in
1052 2876 1182 2912 eosdem
1195 2877 1352 2912 beneficia
1362 2880 1558 2926 B.Virginis.
1706 2882 1766 2922 368

1008 2926 1246 2962 Antecinerales
1257 2926 1326 2960 dies
1340 2927 1457 2975 magna
1468 2930 1585 2961 Romae
1596 2928 1710 2975 pietate
1720 2938 1772 2958 ce-

1074 2974 1210 3009 lebrant.
1706 2977 1768 3016 376

1018 3025 1204 3071 Antuerpiae
1227 3035 1441 3057 marmoream
1461 3023 1593 3057 statuam
1606 3024 1642 3055 B.
1655 3022 1771 3068 Virgi-

1048 3073 1100 3104 nis
1114 3074 1148 3104 in
1165 3070 1272 3106 fronte
1288 3072 1396 3106 Curiae
1407 3071 1574 3106 collocant.
1712 3071 1773 3111 366

973 3118 1102 3154 Sodalis
1126 3119 1256 3154 titulum
1281 3119 1382 3168 aliqui
1395 3120 1559 3165 Principes
1577 3114 1645 3149 aliis
1657 3112 1720 3149 suis
1732 3117 1776 3149 ti.-

1023 3167 1098 3202 tulis
1114 3168 1330 3216 praetulerunt.
1555 3168 1594 3213 36
1601 3165 1769 3211 3.0'*seqq·

976 3215 1146 3250 sodalium
1157 3229 1231 3251 rarae
1243 3219 1385 3251 virtutes,
1710 3219 1746 3255 36
1755 3223 1771 3259 5

1014 3264 1157 3309 ,charitas
1168 3269 1200 3299 in
1217 3266 1414 3313 proximum.
1550 3260 1671 3299 ibid&
1679 3261 1772 3307 seqq.

978 3316 980 3318 ’
1020 3312 1166 3347 seueritas
1184 3316 1216 3347 in
1230 3310 1359 3359 seipsos·
1711 3316 1775 3352 364

1019 3363 1053 3393 in
1065 3360 1238 3396 defunctos
1253 3363 1364 3407 pietas.
1713 3364 1776 3401 367

1024 3420 1125 3443 nouas
1134 3412 1260 3456 etigunt
1271 3404 1473 3444 sodalitates.
1695 3405 1775 3439 ibtd.

1663 3462 1779 3486 eorum
