2326 4080
560 346 655 393 iis
799 339 1055 392 lMAG‘o'
1096 340 1315 393 paim
1365 344 1634 393 sAECVLI
1686 351 2038 392 soorrsv.

552 426 819 474 intendebat.
859 431 922 475 Ira
939 418 1148 475 nimirum
1174 427 1401 493 postquam
1421 425 1458 475 se
1481 427 1567 491 ipse
1587 431 1760 485 vicerat,
1786 420 1948 491 sperare
1970 430 2202 477 vistoriam

554 492 668 539 orbis
693 496 846 556 pornir.
899 492 1220 558 Bucephalum,
1237 511 1397 557 equum
1422 490 1546 539 illum
1572 491 1631 539 ob
1649 492 1852 540 ferociam
1870 495 2202 558 roruitateriicjue
2261 516 2264 519 ’

554 556 696 604 vultus
716 567 930 605 &naturae
948 560 1105 606 durum
1132 569 1257 622 atque
1274 555 1588 604 intracstabilem
1601 596 1614 616 ‚
1633 558 1685 603 ad
1698 558 1814 604 frena
1837 557 2115 622 sessoremque
2130 577 2205 621 pa-

553 623 751 671 tiendum
775 624 974 689 adegerat
991 623 1242 670 Alexander.
1270 623 1441 670 Restitit
1459 622 1513 668 ad
1531 621 1577 667 id
1597 620 1824 685 Philippus
1850 626 1906 682 rei
1931 626 2121 670 nouitate
2145 641 2205 671 re-

555 704 714 735 creatus
729 728 741 748 ‚
766 689 954 754 eumc'lue
974 706 1023 734 ex
1047 706 1163 751 equo
1186 686 1447 734 desilientem
1467 687 1635 751 paterne
1655 685 1929 749 complexus;
1950 690 2117 748 Maste,
2135 692 2204 735 in-

553 757 663 817 quiq,
685 753 762 813 fili,
778 755 858 800 hac
875 753 1136 801 tortitudinis
1151 751 1308 810 gloria,
1326 760 1368 798 &
1383 755 1587 814 Regnum
1602 789 1617 811 ,
1634 751 1756 816 quod
1772 751 1886 798 istud
1908 756 2043 800 animi
2059 757 2121 799 tui
2139 758 2204 800 in-

554 821 721 866 merum
741 818 869 866 robur
891 834 1057 883 aequare
1077 804 1216 881 poslit,
1232 820 1356 863 armis
1374 834 1528 880 quaere:
1554 834 1656 863 nam
1670 817 1934 863 Macedonia
1952 835 2045 863 mea
2061 834 2100 864 te
2112 836 2203 867 non

554 888 680 948 capit.
733 885 852 930 Itane
871 883 958 931 est?
989 887 1162 947 Equum
1194 882 1447 928 insolentem
1465 880 1707 928 Alexander
1722 881 1920 928 domuit:
1938 884 2204 931 continuone

555 949 694 997 caussa
718 951 798 996 fuit
813 988 824 1009 ‚
848 966 923 995 cur
939 949 962 996 a
982 965 1153 1013 parente
1171 947 1356 1004 audirer,
1389 963 1434 994 vt
1449 946 1502 993 ad
1520 965 1655 993 nouas
1674 950 1913 1009 prouincias
1927 985 1940 1006 ,
1971 946 2092 1012 quasi
2110 953 2201 996 exi-

556 1018 700 1061 mium
731 1018 958 1078 praemium
979 1012 1228 1060 fortitudini
1256 1011 1453 1059 debitum
1469 1048 1483 1068 ,
1510 1011 1789 1059 conuolaret?
1828 1014 1936 1058 Non
1955 1016 2121 1075 opinor.
2144 1017 2204 1063 At

550 1098 604 1125 -ex
623 1097 714 1143 quo
732 1080 966 1126 indomitas
982 1078 1220 1141 deprauatae
1237 1093 1394 1123 naturae
1412 1076 1662 1139 cupiditates
1681 1076 1798 1124 tanta
1813 1080 1948 1124 animi
1968 1078 2205 1138 praestantia

547 1146 744 1208 -Ignatius
775 1144 1024 1202 refrenatur,
1056 1142 1212 1188 merito
1227 1144 1359 1188 Ifisvs
1379 1140 1502 1187 illum
1517 1141 1580 1187 his
1607 1142 1845 1189 identidem
1864 1141 2045 1189 vocibus
2063 1144 2116 1190 ad
2143 1160 2203 1190 res

554 1214 759 1256 omnium
782 1213 990 1255 maximas
1014 1206 1203 1253 incitasse
1231 1207 1435 1253 creditur:
1460 1209 1630 1268 Rom-a,
1646 1211 1811 1271 Ignari,
1828 1205 2003 1254 &Italia
2020 1224 2111 1256 tota
2128 1226 2205 1257 tuo

558 1278 703 1320 minor
725 1274 785 1320 est
803 1277 976 1319 animo:
1010 1274 1181 1335 Europa
1205 1270 1294 1335 ipsa
1314 1286 1354 1318 te
1376 1288 1466 1317 non
1490 1276 1618 1336 capit:
1638 1291 1755 1319 noua
1772 1275 1942 1337 Regna,
1959 1290 2098 1320 nouus
2119 1278 2205 1322 Or-

556 1337 621 1386 bis
636 1338 886 1402 quaerendus
903 1376 915 1397 ‚
932 1339 1006 1385 vbi
1024 1335 1261 1401 Religionis
1278 1336 1470 1399 trophaea
1489 1337 1736 1385 statuantur.
1763 1337 1871 1385 Tibi
1892 1339 2204 1404 Hispanorum,

555 1404 633 1450 tibi
653 1402 954 1450 Lusitanorum
973 1405 1145 1466 Regum
1161 1399 1515 1449 numerosissima:
1538 1400 1675 1450 classes
1689 1401 1935 1467 nuperrime
1951 1403 2202 1466 seruierunt,

556 1484 603 1516 vt
620 1467 879 1532 amplissima
897 1485 979 1515 tuae
989 1466 1251 1532 tuorumque
1264 1471 1409 1515 virtuti
1421 1468 1682 1533 explicandae
1698 1468 1827 1532 spatia
1844 1471 2206 1534 aperirent.Qas

557 1536 613 1580 112
630 1551 647 1580 s
662 1552 691 1582 v
733 1537 908 1599 Optimi
935 1533 1210 1597 Maximic'lue
1233 1535 1360 1595 Regis
1383 1550 1508 1579 voces
1531 1533 1631 1580 cum
1668 1534 1868 1580 audimus
1884 1567 1898 1591 ,
1921 1540 1965 1580 &
1997 1537 2085 1581 iam
2114 1552 2203 1584 tam

555 1603 788 1663 inopinatis
822 1614 960 1645 rerum
997 1601 1284 1645 maximarum
1308 1596 1558 1645 succeffibus
1585 1598 1822 1646 cumulatas
1851 1598 2071 1658 videmus3
2097 1602 2204 1664 quid

555 1669 751 1728 agimus?
771 1664 878 1727 quid
894 1664 1127 1711 sentimus?
1160 1663 1380 1726 possumus
1398 1663 1727 1711 admirationem
1755 1662 2040 1728 ipsinostram
2066 1670 2204 1713 conti-

554 1741 672 1776 nere?
700 1730 922 1794 possumus
943 1746 1002 1775 res
1019 1744 1154 1776 tantas
1172 1727 1365 1775 sermone
1381 1727 1488 1777 velle
1513 1728 1749 1793 completsti
1759 1769 1773 1790 ‚
1792 1733 1835 1776 in
1854 1728 2010 1792 quibus
2028 1728 2204 1778 disertis-

557 1794 656 1842 fimi
679 1799 883 1843 Oratores
917 1810 1069 1841 omnes
1096 1797 1224 1851 vires,
1248 1810 1400 1840 neruos
1414 1825 1428 1850 ,
1453 1811 1572 1858 opes,
1586 1807 1857 1853 ornamenta,
1870 1794 2052 1853 lumina,
2067 1794 2205 1844 suaui-

551 1875 679 1920 -tates,
694 1859 833 1918 flores,
852 1858 1066 1906 illecebras
1082 1861 1284 1906 orationis
1302 1858 1382 1905 suae
1397 1857 1615 1906 absorberi
1639 1860 1869 1907 fateantur?
1907 1858 2119 1924 Equidem
2134 1880 2206 1908 ve-

554 1925 740 1974 rendum
771 1924 884 1972 mihi
901 1943 989 1971 non
1005 1924 1089 1984 est,
1112 1941 1165 1970 nc
1201 1941 1293 1971 non
1315 1923 1459 1971 videar
1478 1922 1531 1972 ad
1548 1923 1844 1972 illustrandam
1865 1922 1885 1970 I
1903 1941 1927 1970 E
1942 1943 1960 1970 s
1974 1942 2001 1972 v
2020 1923 2204 1989 gloriam

556 1989 750 2054 apposite
768 1991 986 2055 perorasse,
1004 1987 1034 2036 si
1051 1989 1187 2054 (quod
1210 1991 1254 2036 in
1271 1988 1428 2036 diuinis
1445 1987 1569 2037 rebus
1583 1988 1674 2037 fieri
1690 1989 1816 2049 solet)
1833 1989 2004 2038 indisto
2019 1990 2132 2039 mihi
2150 1990 2205 2040 si.

553 2054 688 2104 lentio
711 2071 932 2105 tantarum
956 2071 1098 2103 rerum
1119 2053 1470 2119 magnitudinem
1486 2055 1608 2103 fuero
1626 2071 1861 2115 veneratus.
2187 2050 2205 2059 A

640 2350 955 2415 Orationibus
979 2350 1037 2415 de
1061 2352 1381 2436 angustiſsimo
1415 2350 1488 2413 ῙΕ
1502 2372 1525 2412 S
1541 2373 1576 2414 V
1601 2353 1676 2414 N
1669 2360 1826 2414 omme
1847 2356 2029 2431 <vastam
2050 2352 2137 2416 eff

722 2439 1084 2521 Inscrzptionem
1111 2437 1429 2518 fiaebmngere‚
1468 2459 1568 2496 non
1601 2453 1713 2497 mm
1750 2446 1828 2499 ceri
1855 2438 2013 2522 qudm
2032 2450 2117 2521 po-

724 2520 966 2584 &rernm
986 2527 1221 2582 memoria
1249 2518 1644 2603 imprimendam.

2026 3310 2199 3365 REGI
