<?xml version="1.0" encoding="UTF-8"?>
<!DOCTYPE html PUBLIC "-//W3C//DTD XHTML 1.0 Transitional//EN"
    "http://www.w3.org/TR/xhtml1/DTD/xhtml1-transitional.dtd">
<html xmlns="http://www.w3.org/1999/xhtml" xml:lang="en" lang="en">
 <head>
  <title>
</title>
<meta http-equiv="Content-Type" content="text/html;charset=utf-8" />
  <meta name='ocr-system' content='tesseract 3.04.00' />
  <meta name='ocr-capabilities' content='ocr_page ocr_carea ocr_par ocr_line ocrx_word'/>
</head>
<body>
  <div class='ocr_page' id='page_1' title='image "./imagoprimisaecul00boll_0824.png"; bbox 0 0 2321 4013; ppageno 0'>
   <div class='ocr_carea' id='block_1_1' title="bbox 346 1197 530 1326">
    <p class='ocr_par' dir='ltr' id='par_1_1' title="bbox 346 1197 530 1326">
     <span class='ocr_line' id='line_1_1' title="bbox 346 1197 483 1231; baseline 0.007 -1"><span class='ocrx_word' id='word_1_1' title='bbox 346 1197 483 1231; x_wconf 75' lang='lat' dir='ltr'>Induciae</span> 
     </span>
     <span class='ocr_line' id='line_1_2' title="bbox 346 1245 530 1279; baseline 0.005 -1"><span class='ocrx_word' id='word_1_2' title='bbox 346 1245 530 1279; x_wconf 57' lang='lat' dir='ltr'>duodenne-z-</span> 
     </span>
     <span class='ocr_line' id='line_1_3' title="bbox 349 1294 400 1326; baseline 0.02 -1"><span class='ocrx_word' id='word_1_3' title='bbox 349 1294 400 1326; x_wconf 77' lang='lat' dir='ltr'>les.</span> 
     </span>
    </p>
   </div>
   <div class='ocr_carea' id='block_1_2' title="bbox 344 1578 528 1803">
    <p class='ocr_par' dir='ltr' id='par_1_2' title="bbox 344 1578 528 1803">
     <span class='ocr_line' id='line_1_4' title="bbox 345 1578 528 1623; baseline -0.022 -10"><span class='ocrx_word' id='word_1_4' title='bbox 345 1578 455 1623; x_wconf 69' lang='lat' dir='ltr'>stiiffio</span> <span class='ocrx_word' id='word_1_5' title='bbox 476 1587 528 1610; x_wconf 65' lang='lat' dir='ltr'>ca-</span> 
     </span>
     <span class='ocr_line' id='line_1_5' title="bbox 347 1624 525 1669; baseline -0.006 -9"><span class='ocrx_word' id='word_1_6' title='bbox 347 1628 464 1669; x_wconf 60' lang='lat' dir='ltr'>?brensts</span> <span class='ocrx_word' id='word_1_7' title='bbox 474 1624 525 1659; x_wconf 80' lang='lat' dir='ltr'>ob-</span> 
     </span>
     <span class='ocr_line' id='line_1_6' title="bbox 344 1676 502 1708; baseline -0.013 -1"><span class='ocrx_word' id='word_1_8' title='bbox 344 1676 502 1708; x_wconf 52' lang='lat' dir='ltr'>trassam-</span> 
     </span>
     <span class='ocr_line' id='line_1_7' title="bbox 344 1724 511 1768; baseline -0.006 -14"><span class='ocrx_word' id='word_1_9' title='bbox 344 1735 411 1754; x_wconf 80' lang='lat' dir='ltr'>ncm</span> <span class='ocrx_word' id='word_1_10' title='bbox 422 1724 511 1768; x_wconf 67' lang='lat' dir='ltr'>pnti-</span> 
     </span>
     <span class='ocr_line' id='line_1_8' title="bbox 344 1780 409 1803; baseline -0.015 0"><span class='ocrx_word' id='word_1_11' title='bbox 344 1780 409 1803; x_wconf 76' lang='lat' dir='ltr'>tur.-</span> 
     </span>
    </p>
   </div>
   <div class='ocr_carea' id='block_1_3' title="bbox 333 2294 526 2578">
    <p class='ocr_par' dir='ltr' id='par_1_3' title="bbox 333 2294 526 2578">
     <span class='ocr_line' id='line_1_9' title="bbox 343 2294 445 2338; baseline -0.02 -12"><span class='ocrx_word' id='word_1_12' title='bbox 343 2294 445 2338; x_wconf 69' lang='lat' dir='ltr'>aliqui</span> 
     </span>
     <span class='ocr_line' id='line_1_10' title="bbox 340 2340 511 2384; baseline -0.012 -11"><span class='ocrx_word' id='word_1_13' title='bbox 340 2340 428 2384; x_wconf 70' lang='lat' dir='ltr'>apud</span> <span class='ocrx_word' id='word_1_14' title='bbox 446 2342 511 2372; x_wconf 82' lang='lat' dir='ltr'>Re-</span> 
     </span>
     <span class='ocr_line' id='line_1_11' title="bbox 333 2396 526 2434; baseline -0.016 -14"><span class='ocrx_word' id='word_1_15' title='bbox 333 2396 526 2434; x_wconf 69' lang='lat' dir='ltr'>gerungum,</span> 
     </span>
     <span class='ocr_line' id='line_1_12' title="bbox 343 2435 525 2480; baseline -0.011 -12"><span class='ocrx_word' id='word_1_16' title='bbox 343 2447 380 2468; x_wconf 76' lang='lat' dir='ltr'>vt</span> <span class='ocrx_word' id='word_1_17' title='bbox 398 2435 525 2480; x_wconf 78' lang='lat' dir='ltr'>abroge-</span> 
     </span>
     <span class='ocr_line' id='line_1_13' title="bbox 341 2486 526 2530; baseline -0.011 -14"><span class='ocrx_word' id='word_1_18' title='bbox 341 2494 395 2516; x_wconf 76' lang='lat' dir='ltr'>tm·</span> <span class='ocrx_word' id='word_1_19' title='bbox 404 2486 433 2515; x_wconf 84' lang='lat' dir='ltr'>in</span> <span class='ocrx_word' id='word_1_20' title='bbox 448 2492 526 2530; x_wconf 81' lang='lat' dir='ltr'>per-</span> 
     </span>
     <span class='ocr_line' id='line_1_14' title="bbox 341 2541 485 2578; baseline -0.007 -15"><span class='ocrx_word' id='word_1_21' title='bbox 341 2541 485 2578; x_wconf 71' lang='lat' dir='ltr'>pentum.</span> 
     </span>
    </p>
   </div>
   <div class='ocr_carea' id='block_1_4' title="bbox 342 2740 531 3025">
    <p class='ocr_par' dir='ltr' id='par_1_4' title="bbox 342 2740 531 2965">
     <span class='ocr_line' id='line_1_15' title="bbox 342 2740 498 2775; baseline -0.019 0"><span class='ocrx_word' id='word_1_22' title='bbox 342 2740 498 2775; x_wconf 63' lang='lat' dir='ltr'>Alarchio</span> 
     </span>
     <span class='ocr_line' id='line_1_16' title="bbox 343 2788 526 2836; baseline 0.005 -16"><span class='ocrx_word' id='word_1_23' title='bbox 343 2790 472 2836; x_wconf 65' lang='lat' dir='ltr'>Spinolcz</span> <span class='ocrx_word' id='word_1_24' title='bbox 483 2788 526 2821; x_wconf 74' lang='lat' dir='ltr'>acl</span> 
     </span>
     <span class='ocr_line' id='line_1_17' title="bbox 342 2837 526 2883; baseline -0.016 -13"><span class='ocrx_word' id='word_1_25' title='bbox 342 2837 429 2883; x_wconf 61' lang='lat' dir='ltr'>Reg&#39;e‘</span> <span class='ocrx_word' id='word_1_26' title='bbox 443 2838 526 2881; x_wconf 67' lang='lat' dir='ltr'>scri-</span> 
     </span>
     <span class='ocr_line' id='line_1_18' title="bbox 343 2885 531 2932; baseline -0.016 -13"><span class='ocrx_word' id='word_1_27' title='bbox 343 2885 531 2932; x_wconf 60' lang='lat' dir='ltr'>lntproser-</span> 
     </span>
     <span class='ocr_line' id='line_1_19' title="bbox 342 2932 449 2965; baseline 0 0"><span class='ocrx_word' id='word_1_28' title='bbox 342 2932 449 2965; x_wconf 57' lang='lat' dir='ltr'>zazndti</span> 
     </span>
    </p>

    <p class='ocr_par' dir='ltr' id='par_1_5' title="bbox 342 2980 505 3025">
     <span class='ocr_line' id='line_1_20' title="bbox 342 2980 505 3025; baseline 0.018 -14"><span class='ocrx_word' id='word_1_29' title='bbox 342 2984 368 3012; x_wconf 68' lang='lat' dir='ltr'>A</span> <span class='ocrx_word' id='word_1_30' title='bbox 374 2980 505 3025; x_wconf 67' lang='lat' dir='ltr'>‘lzffivnet</span> 
     </span>
    </p>
   </div>
   <div class='ocr_carea' id='block_1_5' title="bbox 342 3205 503 3343">
    <p class='ocr_par' dir='ltr' id='par_1_6' title="bbox 342 3205 503 3343">
     <span class='ocr_line' id='line_1_21' title="bbox 345 3205 503 3252; baseline 0.013 -16"><span class='ocrx_word' id='word_1_31' title='bbox 345 3205 503 3252; x_wconf 76' lang='lat' dir='ltr'>chpcr-</span> 
     </span>
     <span class='ocr_line' id='line_1_22' title="bbox 342 3260 467 3297; baseline 0 -13"><span class='ocrx_word' id='word_1_32' title='bbox 342 3260 467 3297; x_wconf 71' lang='lat' dir='ltr'>petuam</span> 
     </span>
     <span class='ocr_line' id='line_1_23' title="bbox 343 3299 499 3343; baseline 0.013 -12"><span class='ocrx_word' id='word_1_33' title='bbox 343 3299 398 3343; x_wconf 68' lang='lat' dir='ltr'>effe</span> <span class='ocrx_word' id='word_1_34' title='bbox 415 3300 499 3335; x_wconf 78' lang='lat' dir='ltr'>vult.</span> 
     </span>
    </p>
   </div>
   <div class='ocr_carea' id='block_1_6' title="bbox 556 309 2009 373">
    <p class='ocr_par' dir='ltr' id='par_1_7' title="bbox 556 309 2009 373">
     <span class='ocr_line' id='line_1_24' title="bbox 556 309 2009 373; baseline -0.012 0"><span class='ocrx_word' id='word_1_35' title='bbox 556 326 666 373; x_wconf 87' lang='lat'>810</span> <span class='ocrx_word' id='word_1_36' title='bbox 826 325 1056 368; x_wconf 83' lang='lat' dir='ltr'>iMAGo</span> <span class='ocrx_word' id='word_1_37' title='bbox 1101 319 1303 362; x_wconf 78' lang='lat' dir='ltr'>PRIMI</span> <span class='ocrx_word' id='word_1_38' title='bbox 1345 309 1607 358; x_wconf 78' lang='lat' dir='ltr'>sAE-C&#39;VLI</span> <span class='ocrx_word' id='word_1_39' title='bbox 1647 315 1795 355; x_wconf 84' lang='lat' dir='ltr'>soc.</span> <span class='ocrx_word' id='word_1_40' title='bbox 1845 316 2009 357; x_wconf 84' lang='lat' dir='ltr'><strong>IESV.</strong></span> 
     </span>
    </p>
   </div>
   <div class='ocr_carea' id='block_1_7' title="bbox 552 387 2202 920">
    <p class='ocr_par' dir='ltr' id='par_1_8' title="bbox 552 387 2202 920">
     <span class='ocr_line' id='line_1_25' title="bbox 552 387 2202 464; baseline -0.012 -12"><span class='ocrx_word' id='word_1_41' title='bbox 552 407 688 450; x_wconf 88' lang='lat' dir='ltr'>cuniis</span> <span class='ocrx_word' id='word_1_42' title='bbox 708 400 1024 464; x_wconf 76' lang='lat' dir='ltr'>extorquendis,</span> <span class='ocrx_word' id='word_1_43' title='bbox 1038 402 1080 442; x_wconf 91' lang='lat' dir='ltr'>in</span> <span class='ocrx_word' id='word_1_44' title='bbox 1099 391 1347 456; x_wconf 79' lang='lat' dir='ltr'>diripiendis</span> <span class='ocrx_word' id='word_1_45' title='bbox 1366 390 1679 436; x_wconf 88' lang='lat' dir='ltr'>rusticanorum</span> <span class='ocrx_word' id='word_1_46' title='bbox 1699 387 1825 435; x_wconf 86' lang='lat' dir='ltr'>bonis</span> <span class='ocrx_word' id='word_1_47' title='bbox 1839 425 1852 447; x_wconf 88' lang='lat'>‚</span> <span class='ocrx_word' id='word_1_48' title='bbox 1871 389 2091 453; x_wconf 76' lang='lat' dir='ltr'>repressam</span> <span class='ocrx_word' id='word_1_49' title='bbox 2107 415 2118 448; x_wconf 85' lang='lat'>;</span> <span class='ocrx_word' id='word_1_50' title='bbox 2135 409 2202 440; x_wconf 71' lang='lat' dir='ltr'>ex„</span> 
     </span>
     <span class='ocr_line' id='line_1_26' title="bbox 552 456 2199 518; baseline -0.007 -1"><span class='ocrx_word' id='word_1_51' title='bbox 552 469 708 516; x_wconf 64' lang='lat' dir='ltr'>stinsta</span> <span class='ocrx_word' id='word_1_52' title='bbox 723 468 821 513; x_wconf 84' lang='lat' dir='ltr'>odia</span> <span class='ocrx_word' id='word_1_53' title='bbox 842 461 1135 510; x_wconf 84' lang='lat' dir='ltr'>diffidentium</span> <span class='ocrx_word' id='word_1_54' title='bbox 1141 456 1297 518; x_wconf 85' lang='lat' dir='ltr'>,duella</span> <span class='ocrx_word' id='word_1_55' title='bbox 1312 460 1421 502; x_wconf 84' lang='lat' dir='ltr'>inter</span> <span class='ocrx_word' id='word_1_56' title='bbox 1435 457 1647 517; x_wconf 80' lang='lat' dir='ltr'>Principes</span> <span class='ocrx_word' id='word_1_57' title='bbox 1666 471 1844 517; x_wconf 90' lang='lat' dir='ltr'>quoque</span> <span class='ocrx_word' id='word_1_58' title='bbox 1859 458 1969 502; x_wconf 90' lang='lat' dir='ltr'>viros</span> <span class='ocrx_word' id='word_1_59' title='bbox 1983 457 2199 518; x_wconf 78' lang='lat' dir='ltr'>impedita3</span> 
     </span>
     <span class='ocr_line' id='line_1_27' title="bbox 553 518 2201 593; baseline -0.012 -12"><span class='ocrx_word' id='word_1_60' title='bbox 553 534 775 593; x_wconf 76' lang='lat' dir='ltr'>diligenter</span> <span class='ocrx_word' id='word_1_61' title='bbox 797 544 1008 585; x_wconf 86' lang='lat' dir='ltr'>curatum,</span> <span class='ocrx_word' id='word_1_62' title='bbox 1025 543 1077 571; x_wconf 88' lang='lat' dir='ltr'>ne</span> <span class='ocrx_word' id='word_1_63' title='bbox 1094 528 1161 570; x_wconf 90' lang='lat' dir='ltr'>cui</span> <span class='ocrx_word' id='word_1_64' title='bbox 1177 540 1393 586; x_wconf 85' lang='lat' dir='ltr'>vmquam</span> <span class='ocrx_word' id='word_1_65' title='bbox 1412 518 1654 566; x_wconf 87' lang='lat' dir='ltr'>confitendi</span> <span class='ocrx_word' id='word_1_66' title='bbox 1680 523 1804 581; x_wconf 88' lang='lat' dir='ltr'>copia</span> <span class='ocrx_word' id='word_1_67' title='bbox 1830 519 2006 579; x_wconf 65' lang='lat' dir='ltr'>deesset,</span> <span class='ocrx_word' id='word_1_68' title='bbox 2036 527 2201 585; x_wconf 57' lang='lat' dir='ltr'>tuguria</span> 
     </span>
     <span class='ocr_line' id='line_1_28' title="bbox 553 586 2201 656; baseline -0.008 -12"><span class='ocrx_word' id='word_1_69' title='bbox 553 586 742 644; x_wconf 82' lang='lat' dir='ltr'>militum</span> <span class='ocrx_word' id='word_1_70' title='bbox 757 594 1034 656; x_wconf 85' lang='lat' dir='ltr'>frequentata,</span> <span class='ocrx_word' id='word_1_71' title='bbox 1062 598 1105 636; x_wconf 66' lang='grc' dir='ltr'>ὃς</span> <span class='ocrx_word' id='word_1_72' title='bbox 1121 588 1164 635; x_wconf 92' lang='lat' dir='ltr'>id</span> <span class='ocrx_word' id='word_1_73' title='bbox 1183 605 1311 650; x_wconf 87' lang='lat' dir='ltr'>genus</span> <span class='ocrx_word' id='word_1_74' title='bbox 1336 586 1539 633; x_wconf 82' lang='lat' dir='ltr'>sexcenta:</span> <span class='ocrx_word' id='word_1_75' title='bbox 1569 601 1665 646; x_wconf 84' lang='lat' dir='ltr'>quae</span> <span class='ocrx_word' id='word_1_76' title='bbox 1684 602 1769 630; x_wconf 90' lang='lat' dir='ltr'>vno</span> <span class='ocrx_word' id='word_1_77' title='bbox 1782 587 1952 648; x_wconf 82' lang='lat' dir='ltr'>possum</span> <span class='ocrx_word' id='word_1_78' title='bbox 1970 588 2201 650; x_wconf 63' lang='lat' dir='ltr'>compledfi</span> 
     </span>
     <span class='ocr_line' id='line_1_29' title="bbox 553 647 2201 717; baseline -0.005 -8"><span class='ocrx_word' id='word_1_79' title='bbox 553 661 698 717; x_wconf 81' lang='lat' dir='ltr'>verbo,</span> <span class='ocrx_word' id='word_1_80' title='bbox 722 658 752 706; x_wconf 88' lang='lat' dir='ltr'>fi</span> <span class='ocrx_word' id='word_1_81' title='bbox 771 659 915 704; x_wconf 79' lang='lat' dir='ltr'>dixero</span> <span class='ocrx_word' id='word_1_82' title='bbox 931 656 1096 703; x_wconf 88' lang='lat' dir='ltr'>institui</span> <span class='ocrx_word' id='word_1_83' title='bbox 1119 653 1143 701; x_wconf 64' lang='lat' dir='ltr'>a</span> <span class='ocrx_word' id='word_1_84' title='bbox 1168 651 1292 700; x_wconf 84' lang='lat' dir='ltr'>nobis</span> <span class='ocrx_word' id='word_1_85' title='bbox 1319 650 1506 698; x_wconf 88' lang='lat' dir='ltr'>militem</span> <span class='ocrx_word' id='word_1_86' title='bbox 1542 647 1862 696; x_wconf 85' lang='lat' dir='ltr'>Christianum.</span> <span class='ocrx_word' id='word_1_87' title='bbox 1901 652 1962 697; x_wconf 93' lang='lat' dir='ltr'>At</span> <span class='ocrx_word' id='word_1_88' title='bbox 1979 669 2143 715; x_wconf 88' lang='lat' dir='ltr'>quanto</span> <span class='ocrx_word' id='word_1_89' title='bbox 2157 656 2201 704; x_wconf 87' lang='lat' dir='ltr'>id</span> 
     </span>
     <span class='ocr_line' id='line_1_30' title="bbox 552 714 2202 789; baseline -0.005 -17"><span class='ocrx_word' id='word_1_90' title='bbox 552 725 710 784; x_wconf 85' lang='lat' dir='ltr'>labore,</span> <span class='ocrx_word' id='word_1_91' title='bbox 734 739 842 789; x_wconf 91' lang='lat' dir='ltr'>quot</span> <span class='ocrx_word' id='word_1_92' title='bbox 858 726 964 770; x_wconf 90' lang='lat' dir='ltr'>curis</span> <span class='ocrx_word' id='word_1_93' title='bbox 978 717 1238 786; x_wconf 78' lang='lat' dir='ltr'>vigiliisque,</span> <span class='ocrx_word' id='word_1_94' title='bbox 1255 736 1343 782; x_wconf 91' lang='lat' dir='ltr'>q-uo</span> <span class='ocrx_word' id='word_1_95' title='bbox 1362 717 1657 764; x_wconf 77' lang='lat' dir='ltr'>discriminum</span> <span class='ocrx_word' id='word_1_96' title='bbox 1674 714 2112 782; x_wconf 74' lang='lat' dir='ltr'>omnium,ipfiusque</span> <span class='ocrx_word' id='word_1_97' title='bbox 2128 722 2202 768; x_wconf 81' lang='lat' dir='ltr'>ad-</span> 
     </span>
     <span class='ocr_line' id='line_1_31' title="bbox 553 777 2202 852; baseline -0.006 -15"><span class='ocrx_word' id='word_1_98' title='bbox 553 790 603 836; x_wconf 76' lang='lat' dir='ltr'>eo</span> <span class='ocrx_word' id='word_1_99' title='bbox 623 793 771 836; x_wconf 90' lang='lat' dir='ltr'>mortis</span> <span class='ocrx_word' id='word_1_100' title='bbox 791 792 1046 852; x_wconf 85' lang='lat' dir='ltr'>contemptu</span> <span class='ocrx_word' id='word_1_101' title='bbox 1064 783 1388 849; x_wconf 87' lang='lat' dir='ltr'>impetrandum</span> <span class='ocrx_word' id='word_1_102' title='bbox 1408 782 1478 840; x_wconf 79' lang='lat' dir='ltr'>fit,</span> <span class='ocrx_word' id='word_1_103' title='bbox 1511 779 1633 827; x_wconf 76' lang='lat' dir='ltr'>facile</span> <span class='ocrx_word' id='word_1_104' title='bbox 1659 777 1858 844; x_wconf 86' lang='lat' dir='ltr'>intelligit</span> <span class='ocrx_word' id='word_1_105' title='bbox 1887 789 1931 828; x_wconf 84' lang='lat'>&amp;</span> <span class='ocrx_word' id='word_1_106' title='bbox 1956 781 2095 844; x_wconf 70' lang='lat' dir='ltr'>solus,</span> <span class='ocrx_word' id='word_1_107' title='bbox 2128 793 2202 850; x_wconf 73' lang='lat' dir='ltr'>qui</span> 
     </span>
     <span class='ocr_line' id='line_1_32' title="bbox 552 851 2162 920; baseline -0.009 -19"><span class='ocrx_word' id='word_1_108' title='bbox 552 855 787 920; x_wconf 84' lang='lat' dir='ltr'>aliquando</span> <span class='ocrx_word' id='word_1_109' title='bbox 803 858 1029 919; x_wconf 82' lang='lat' dir='ltr'>ingenium</span> <span class='ocrx_word' id='word_1_110' title='bbox 1048 851 1228 899; x_wconf 84' lang='lat' dir='ltr'>militare</span> <span class='ocrx_word' id='word_1_111' title='bbox 1244 852 1452 895; x_wconf 59' lang='lat' dir='ltr'>traetauit.</span> <span class='ocrx_word' id='word_1_112' title='bbox 2159 857 2162 861; x_wconf 92' lang='lat'>·</span> 
     </span>
    </p>
   </div>
   <div class='ocr_carea' id='block_1_8' title="bbox 553 911 2266 1051">
    <p class='ocr_par' dir='ltr' id='par_1_9' title="bbox 553 911 2266 1051">
     <span class='ocr_line' id='line_1_33' title="bbox 618 911 2265 982; baseline -0.005 -14"><span class='ocrx_word' id='word_1_113' title='bbox 618 923 771 968; x_wconf 86' lang='lat' dir='ltr'>Annos</span> <span class='ocrx_word' id='word_1_114' title='bbox 789 923 875 967; x_wconf 87' lang='lat' dir='ltr'>iam</span> <span class='ocrx_word' id='word_1_115' title='bbox 891 919 1014 982; x_wconf 87' lang='lat' dir='ltr'>supra</span> <span class='ocrx_word' id='word_1_116' title='bbox 1031 913 1463 980; x_wconf 82' lang='lat' dir='ltr'>vigintiCastrensem</span> <span class='ocrx_word' id='word_1_117' title='bbox 1488 911 1597 959; x_wconf 81' lang='lat' dir='ltr'>hanc</span> <span class='ocrx_word' id='word_1_118' title='bbox 1615 913 1887 975; x_wconf 88' lang='lat' dir='ltr'>prouinciam</span> <span class='ocrx_word' id='word_1_119' title='bbox 1910 916 2001 977; x_wconf 84' lang='lat' dir='ltr'>pari</span> <span class='ocrx_word' id='word_1_120' title='bbox 2019 913 2145 976; x_wconf 63' lang='lat' dir='ltr'>opera</span> <span class='ocrx_word' id='word_1_121' title='bbox 2160 925 2202 965; x_wconf 62' lang='grc' dir='ltr'>ὃ(</span> <span class='ocrx_word' id='word_1_122' title='bbox 2263 921 2265 934; x_wconf 90' lang='grc'><em>“</em></span> 
     </span>
     <span class='ocr_line' id='line_1_34' title="bbox 553 977 2266 1051; baseline -0.003 -19"><span class='ocrx_word' id='word_1_123' title='bbox 553 1003 693 1050; x_wconf 78' lang='lat' dir='ltr'>operae</span> <span class='ocrx_word' id='word_1_124' title='bbox 707 989 840 1051; x_wconf 88' lang='lat' dir='ltr'>pretio</span> <span class='ocrx_word' id='word_1_125' title='bbox 854 1024 867 1045; x_wconf 90' lang='lat'>,</span> <span class='ocrx_word' id='word_1_126' title='bbox 892 984 1048 1047; x_wconf 56' lang='lat' dir='ltr'>magna</span> <span class='ocrx_word' id='word_1_127' title='bbox 1076 982 1135 1028; x_wconf 88' lang='lat' dir='ltr'>sui</span> <span class='ocrx_word' id='word_1_128' title='bbox 1165 980 1279 1043; x_wconf 87' lang='lat' dir='ltr'>apud</span> <span class='ocrx_word' id='word_1_129' title='bbox 1309 978 1450 1024; x_wconf 90' lang='lat' dir='ltr'>bonos</span> <span class='ocrx_word' id='word_1_130' title='bbox 1475 977 1884 1037; x_wconf 80' lang='lat' dir='ltr'>commendatione,</span> <span class='ocrx_word' id='word_1_131' title='bbox 1911 983 2066 1026; x_wconf 87' lang='lat' dir='ltr'>maiori</span> <span class='ocrx_word' id='word_1_132' title='bbox 2090 983 2203 1044; x_wconf 87' lang='lat' dir='ltr'>apud</span> <span class='ocrx_word' id='word_1_133' title='bbox 2264 1030 2266 1046; x_wconf 49' lang='lat'>,</span> 
     </span>
    </p>
   </div>
   <div class='ocr_carea' id='block_1_9' title="bbox 554 1041 2204 1181">
    <p class='ocr_par' dir='ltr' id='par_1_10' title="bbox 554 1041 2204 1181">
     <span class='ocr_line' id='line_1_35' title="bbox 554 1041 2204 1116; baseline -0.001 -19"><span class='ocrx_word' id='word_1_134' title='bbox 554 1054 702 1099; x_wconf 90' lang='lat' dir='ltr'>Deum</span> <span class='ocrx_word' id='word_1_135' title='bbox 717 1092 729 1112; x_wconf 87' lang='lat'><em>‚</em></span> <span class='ocrx_word' id='word_1_136' title='bbox 754 1050 876 1116; x_wconf 89' lang='lat' dir='ltr'>quod</span> <span class='ocrx_word' id='word_1_137' title='bbox 905 1049 1119 1113; x_wconf 83' lang='lat' dir='ltr'>speramus</span> <span class='ocrx_word' id='word_1_138' title='bbox 1132 1085 1144 1105; x_wconf 92' lang='lat'>,</span> <span class='ocrx_word' id='word_1_139' title='bbox 1165 1048 1318 1091; x_wconf 88' lang='lat' dir='ltr'>merito</span> <span class='ocrx_word' id='word_1_140' title='bbox 1342 1047 1523 1090; x_wconf 84' lang='lat' dir='ltr'>Societas</span> <span class='ocrx_word' id='word_1_141' title='bbox 1547 1041 1803 1100; x_wconf 76' lang='lat' dir='ltr'>sustinebat3</span> <span class='ocrx_word' id='word_1_142' title='bbox 1823 1043 1922 1090; x_wconf 77' lang='lat' dir='ltr'>cum</span> <span class='ocrx_word' id='word_1_143' title='bbox 1953 1043 2056 1092; x_wconf 91' lang='lat' dir='ltr'>belli</span> <span class='ocrx_word' id='word_1_144' title='bbox 2077 1046 2204 1097; x_wconf 85' lang='lat' dir='ltr'>taedio</span> 
     </span>
     <span class='ocr_line' id='line_1_36' title="bbox 554 1108 2199 1181; baseline -0.001 -18"><span class='ocrx_word' id='word_1_145' title='bbox 554 1115 658 1164; x_wconf 86' lang='lat' dir='ltr'>hinc</span> <span class='ocrx_word' id='word_1_146' title='bbox 682 1134 807 1181; x_wconf 86' lang='lat' dir='ltr'>atque</span> <span class='ocrx_word' id='word_1_147' title='bbox 825 1114 942 1162; x_wconf 85' lang='lat' dir='ltr'>illinc</span> <span class='ocrx_word' id='word_1_148' title='bbox 962 1113 1181 1176; x_wconf 64' lang='lat' dir='ltr'>respectari</span> <span class='ocrx_word' id='word_1_149' title='bbox 1207 1109 1259 1156; x_wconf 88' lang='lat' dir='ltr'>ad</span> <span class='ocrx_word' id='word_1_150' title='bbox 1276 1127 1425 1172; x_wconf 88' lang='lat' dir='ltr'>pacem</span> <span class='ocrx_word' id='word_1_151' title='bbox 1444 1124 1639 1172; x_wconf 85' lang='lat' dir='ltr'>coeptum</span> <span class='ocrx_word' id='word_1_152' title='bbox 1655 1147 1668 1167; x_wconf 85' lang='lat'>,</span> <span class='ocrx_word' id='word_1_153' title='bbox 1695 1124 1766 1155; x_wconf 87' lang='lat' dir='ltr'>aut</span> <span class='ocrx_word' id='word_1_154' title='bbox 1783 1108 1836 1155; x_wconf 87' lang='lat' dir='ltr'>ad</span> <span class='ocrx_word' id='word_1_155' title='bbox 1864 1109 2055 1157; x_wconf 83' lang='lat' dir='ltr'>inducias</span> <span class='ocrx_word' id='word_1_156' title='bbox 2081 1114 2199 1173; x_wconf 67' lang='lat' dir='ltr'>certe,</span> 
     </span>
    </p>
   </div>
   <div class='ocr_carea' id='block_1_10' title="bbox 553 1173 2267 1371">
    <p class='ocr_par' dir='ltr' id='par_1_11' title="bbox 553 1173 2267 1371">
     <span class='ocr_line' id='line_1_37' title="bbox 553 1173 2204 1247; baseline -0.005 -18"><span class='ocrx_word' id='word_1_157' title='bbox 553 1200 658 1247; x_wconf 84' lang='lat' dir='ltr'>quas</span> <span class='ocrx_word' id='word_1_158' title='bbox 686 1182 794 1229; x_wconf 84' lang='lat' dir='ltr'>datis</span> <span class='ocrx_word' id='word_1_159' title='bbox 820 1182 1036 1241; x_wconf 81' lang='lat' dir='ltr'>Vtrimque</span> <span class='ocrx_word' id='word_1_160' title='bbox 1059 1174 1301 1223; x_wconf 83' lang='lat' dir='ltr'>oratoribus</span> <span class='ocrx_word' id='word_1_161' title='bbox 1319 1178 1363 1221; x_wconf 89' lang='lat' dir='ltr'>in</span> <span class='ocrx_word' id='word_1_162' title='bbox 1393 1173 1698 1221; x_wconf 84' lang='lat' dir='ltr'>duodennium</span> <span class='ocrx_word' id='word_1_163' title='bbox 1716 1174 1931 1223; x_wconf 69' lang='lat' dir='ltr'>consestas</span> <span class='ocrx_word' id='word_1_164' title='bbox 1958 1175 2142 1242; x_wconf 90' lang='lat' dir='ltr'>denique</span> <span class='ocrx_word' id='word_1_165' title='bbox 2161 1189 2204 1228; x_wconf 65' lang='grc' dir='ltr'>δε</span> 
     </span>
     <span class='ocr_line' id='line_1_38' title="bbox 553 1238 2267 1310; baseline -0.001 -17"><span class='ocrx_word' id='word_1_166' title='bbox 553 1245 1026 1310; x_wconf 86' lang='lat' dir='ltr'>proclamatas,ingenti</span> <span class='ocrx_word' id='word_1_167' title='bbox 1044 1240 1274 1305; x_wconf 82' lang='lat' dir='ltr'>Belgarum</span> <span class='ocrx_word' id='word_1_168' title='bbox 1294 1240 1473 1305; x_wconf 89' lang='lat' dir='ltr'>gaudio,</span> <span class='ocrx_word' id='word_1_169' title='bbox 1491 1244 1655 1303; x_wconf 90' lang='lat' dir='ltr'>ingenti</span> <span class='ocrx_word' id='word_1_170' title='bbox 1671 1243 1812 1304; x_wconf 81' lang='lat' dir='ltr'>patriae</span> <span class='ocrx_word' id='word_1_171' title='bbox 1830 1238 1969 1301; x_wconf 81' lang='lat' dir='ltr'>bono,</span> <span class='ocrx_word' id='word_1_172' title='bbox 1989 1260 2123 1290; x_wconf 71' lang='lat' dir='ltr'>atinus</span> <span class='ocrx_word' id='word_1_173' title='bbox 2133 1245 2204 1292; x_wconf 82' lang='lat' dir='ltr'>sae-</span> <span class='ocrx_word' id='word_1_174' title='bbox 2264 1243 2267 1275; x_wconf 55' lang='grc' dir='ltr'><em>ἕ</em></span> 
     </span>
     <span class='ocr_line' id='line_1_39' title="bbox 553 1305 2267 1371; baseline -0.002 -13"><span class='ocrx_word' id='word_1_175' title='bbox 553 1312 636 1358; x_wconf 90' lang='lat' dir='ltr'>culi</span> <span class='ocrx_word' id='word_1_176' title='bbox 653 1327 793 1357; x_wconf 86' lang='lat' dir='ltr'>nonus</span> <span class='ocrx_word' id='word_1_177' title='bbox 811 1307 1007 1356; x_wconf 88' lang='lat' dir='ltr'>felicibus</span> <span class='ocrx_word' id='word_1_178' title='bbox 1027 1308 1220 1371; x_wconf 82' lang='lat' dir='ltr'>auspiciis</span> <span class='ocrx_word' id='word_1_179' title='bbox 1240 1309 1415 1353; x_wconf 85' lang='lat' dir='ltr'>inuexit.</span> <span class='ocrx_word' id='word_1_180' title='bbox 1453 1310 1568 1371; x_wconf 85' lang='lat' dir='ltr'>Ergo</span> <span class='ocrx_word' id='word_1_181' title='bbox 1586 1305 1653 1354; x_wconf 90' lang='lat' dir='ltr'>vel</span> <span class='ocrx_word' id='word_1_182' title='bbox 1668 1308 1962 1353; x_wconf 57' lang='lat' dir='ltr'>exauctoratus</span> <span class='ocrx_word' id='word_1_183' title='bbox 1983 1307 2120 1369; x_wconf 87' lang='lat' dir='ltr'>miles,</span> <span class='ocrx_word' id='word_1_184' title='bbox 2136 1312 2201 1360; x_wconf 88' lang='lat' dir='ltr'>vel</span> <span class='ocrx_word' id='word_1_185' title='bbox 2265 1320 2267 1359; x_wconf 69' lang='grc' dir='ltr'><strong>ξ</strong></span> 
     </span>
    </p>
   </div>
   <div class='ocr_carea' id='block_1_11' title="bbox 552 1370 2205 1436">
    <p class='ocr_par' dir='ltr' id='par_1_12' title="bbox 552 1370 2205 1436">
     <span class='ocr_line' id='line_1_40' title="bbox 552 1370 2205 1436; baseline 0.001 -13"><span class='ocrx_word' id='word_1_186' title='bbox 552 1381 597 1423; x_wconf 90' lang='lat' dir='ltr'>in</span> <span class='ocrx_word' id='word_1_187' title='bbox 622 1376 774 1423; x_wconf 85' lang='lat' dir='ltr'>statiua</span> <span class='ocrx_word' id='word_1_188' title='bbox 791 1374 999 1421; x_wconf 81' lang='lat' dir='ltr'>dimiffus.</span> <span class='ocrx_word' id='word_1_189' title='bbox 1040 1376 1100 1420; x_wconf 88' lang='lat' dir='ltr'>Ea</span> <span class='ocrx_word' id='word_1_190' title='bbox 1115 1370 1283 1419; x_wconf 78' lang='lat' dir='ltr'>occasio</span> <span class='ocrx_word' id='word_1_191' title='bbox 1297 1372 1399 1430; x_wconf 88' lang='lat' dir='ltr'>fuit,</span> <span class='ocrx_word' id='word_1_192' title='bbox 1421 1390 1494 1418; x_wconf 90' lang='lat' dir='ltr'>cur</span> <span class='ocrx_word' id='word_1_193' title='bbox 1514 1389 1665 1436; x_wconf 86' lang='lat' dir='ltr'>parum</span> <span class='ocrx_word' id='word_1_194' title='bbox 1692 1371 1828 1418; x_wconf 87' lang='lat' dir='ltr'>nostri</span> <span class='ocrx_word' id='word_1_195' title='bbox 1856 1372 2100 1421; x_wconf 82' lang='lat' dir='ltr'>amantibus</span> <span class='ocrx_word' id='word_1_196' title='bbox 2127 1375 2205 1424; x_wconf 85' lang='lat' dir='ltr'>ho-</span> 
     </span>
    </p>
   </div>
   <div class='ocr_carea' id='block_1_12' title="bbox 549 1435 2267 1639">
    <p class='ocr_par' dir='ltr' id='par_1_13' title="bbox 549 1435 2267 1639">
     <span class='ocr_line' id='line_1_41' title="bbox 550 1435 2267 1503; baseline 0.001 -15"><span class='ocrx_word' id='word_1_197' title='bbox 550 1440 761 1500; x_wconf 79' lang='lat' dir='ltr'>minibuS,</span> <span class='ocrx_word' id='word_1_198' title='bbox 779 1459 826 1487; x_wconf 87' lang='lat' dir='ltr'>ac</span> <span class='ocrx_word' id='word_1_199' title='bbox 852 1457 1001 1503; x_wconf 87' lang='lat' dir='ltr'>parum</span> <span class='ocrx_word' id='word_1_200' title='bbox 1020 1438 1072 1485; x_wconf 89' lang='lat' dir='ltr'>de</span> <span class='ocrx_word' id='word_1_201' title='bbox 1087 1436 1337 1486; x_wconf 73' lang='lat' dir='ltr'>Christian-3.</span> <span class='ocrx_word' id='word_1_202' title='bbox 1355 1442 1511 1500; x_wconf 84' lang='lat' dir='ltr'>pietate</span> <span class='ocrx_word' id='word_1_203' title='bbox 1530 1435 1718 1496; x_wconf 86' lang='lat' dir='ltr'>solicitis,</span> <span class='ocrx_word' id='word_1_204' title='bbox 1738 1437 1825 1485; x_wconf 89' lang='lat' dir='ltr'>visa</span> <span class='ocrx_word' id='word_1_205' title='bbox 1851 1436 1902 1484; x_wconf 87' lang='lat' dir='ltr'>fit</span> <span class='ocrx_word' id='word_1_206' title='bbox 1927 1438 2037 1487; x_wconf 86' lang='lat' dir='ltr'>nihil</span> <span class='ocrx_word' id='word_1_207' title='bbox 2053 1441 2204 1490; x_wconf 88' lang='lat' dir='ltr'>admo-</span> <span class='ocrx_word' id='word_1_208' title='bbox 2265 1444 2267 1499; x_wconf 62' lang='lat' dir='ltr'>j</span> 
     </span>
     <span class='ocr_line' id='line_1_42' title="bbox 550 1501 2267 1573; baseline 0.002 -20"><span class='ocrx_word' id='word_1_209' title='bbox 550 1506 656 1553; x_wconf 86' lang='lat' dir='ltr'>dum</span> <span class='ocrx_word' id='word_1_210' title='bbox 675 1505 896 1554; x_wconf 82' lang='lat' dir='ltr'>necessaria</span> <span class='ocrx_word' id='word_1_211' title='bbox 913 1508 1130 1552; x_wconf 88' lang='lat' dir='ltr'>Societatis</span> <span class='ocrx_word' id='word_1_212' title='bbox 1148 1521 1276 1567; x_wconf 89' lang='lat' dir='ltr'>opera</span> <span class='ocrx_word' id='word_1_213' title='bbox 1290 1504 1502 1562; x_wconf 88' lang='lat' dir='ltr'>incastris,</span> <span class='ocrx_word' id='word_1_214' title='bbox 1521 1521 1618 1567; x_wconf 81' lang='lat' dir='ltr'>quae</span> <span class='ocrx_word' id='word_1_215' title='bbox 1644 1501 1764 1550; x_wconf 85' lang='lat' dir='ltr'>nulla</span> <span class='ocrx_word' id='word_1_216' title='bbox 1790 1507 1879 1550; x_wconf 83' lang='lat' dir='ltr'>iam</span> <span class='ocrx_word' id='word_1_217' title='bbox 1905 1507 2054 1564; x_wconf 79' lang='lat' dir='ltr'>effent3</span> <span class='ocrx_word' id='word_1_218' title='bbox 2081 1524 2204 1573; x_wconf 88' lang='lat' dir='ltr'>atque</span> <span class='ocrx_word' id='word_1_219' title='bbox 2265 1503 2267 1547; x_wconf 51' lang='lat' dir='ltr'>l</span> 
     </span>
     <span class='ocr_line' id='line_1_43' title="bbox 549 1567 2267 1639; baseline 0 -22"><span class='ocrx_word' id='word_1_220' title='bbox 549 1575 679 1620; x_wconf 86' lang='lat' dir='ltr'>etiam</span> <span class='ocrx_word' id='word_1_221' title='bbox 694 1569 810 1621; x_wconf 90' lang='lat' dir='ltr'>bello</span> <span class='ocrx_word' id='word_1_222' title='bbox 830 1570 927 1635; x_wconf 90' lang='lat' dir='ltr'>post</span> <span class='ocrx_word' id='word_1_223' title='bbox 944 1570 1137 1618; x_wconf 84' lang='lat' dir='ltr'>inducias</span> <span class='ocrx_word' id='word_1_224' title='bbox 1153 1585 1359 1632; x_wconf 85' lang='lat' dir='ltr'>reparato,</span> <span class='ocrx_word' id='word_1_225' title='bbox 1375 1569 1488 1632; x_wconf 75' lang='lat' dir='ltr'>posse</span> <span class='ocrx_word' id='word_1_226' title='bbox 1507 1569 1635 1616; x_wconf 84' lang='lat' dir='ltr'>castra</span> <span class='ocrx_word' id='word_1_227' title='bbox 1655 1567 1848 1616; x_wconf 87' lang='lat' dir='ltr'>Patribus</span> <span class='ocrx_word' id='word_1_228' title='bbox 1865 1588 1999 1617; x_wconf 87' lang='lat' dir='ltr'>carere</span> <span class='ocrx_word' id='word_1_229' title='bbox 2015 1590 2064 1618; x_wconf 85' lang='lat' dir='ltr'>ex</span> <span class='ocrx_word' id='word_1_230' title='bbox 2078 1575 2203 1639; x_wconf 76' lang='lat' dir='ltr'>Regis</span> <span class='ocrx_word' id='word_1_231' title='bbox 2265 1583 2267 1591; x_wconf 90' lang='grc'><strong>’</strong></span> 
     </span>
    </p>
   </div>
   <div class='ocr_carea' id='block_1_13' title="bbox 543 1633 2204 3210">
    <p class='ocr_par' dir='ltr' id='par_1_14' title="bbox 543 1633 2204 3210">
     <span class='ocr_line' id='line_1_44' title="bbox 552 1633 2201 1701; baseline 0.002 -16"><span class='ocrx_word' id='word_1_232' title='bbox 552 1637 793 1701; x_wconf 73' lang='lat' dir='ltr'>&amp;publicae</span> <span class='ocrx_word' id='word_1_233' title='bbox 810 1640 867 1683; x_wconf 90' lang='lat' dir='ltr'>rei</span> <span class='ocrx_word' id='word_1_234' title='bbox 883 1635 1018 1684; x_wconf 91' lang='lat' dir='ltr'>bono.</span> <span class='ocrx_word' id='word_1_235' title='bbox 1058 1638 1166 1683; x_wconf 78' lang='lat' dir='ltr'>Haec</span> <span class='ocrx_word' id='word_1_236' title='bbox 1183 1635 1338 1682; x_wconf 70' lang='lat' dir='ltr'>sazcum</span> <span class='ocrx_word' id='word_1_237' title='bbox 1367 1633 1663 1699; x_wconf 80' lang='lat' dir='ltr'>cogitantibus</span> <span class='ocrx_word' id='word_1_238' title='bbox 1690 1652 1778 1681; x_wconf 89' lang='lat' dir='ltr'>non</span> <span class='ocrx_word' id='word_1_239' title='bbox 1800 1636 2000 1684; x_wconf 87' lang='lat' dir='ltr'>veniebat</span> <span class='ocrx_word' id='word_1_240' title='bbox 2017 1642 2061 1686; x_wconf 91' lang='lat' dir='ltr'>in</span> <span class='ocrx_word' id='word_1_241' title='bbox 2082 1652 2201 1688; x_wconf 78' lang='lat' dir='ltr'>men-</span> 
     </span>
     <span class='ocr_line' id='line_1_45' title="bbox 549 1700 2204 1767; baseline 0.003 -18"><span class='ocrx_word' id='word_1_242' title='bbox 549 1718 653 1762; x_wconf 86' lang='lat' dir='ltr'>tem,</span> <span class='ocrx_word' id='word_1_243' title='bbox 672 1700 934 1767; x_wconf 79' lang='lat' dir='ltr'>praesidiariis</span> <span class='ocrx_word' id='word_1_244' title='bbox 961 1700 1175 1749; x_wconf 87' lang='lat' dir='ltr'>militibus</span> <span class='ocrx_word' id='word_1_245' title='bbox 1202 1703 1332 1748; x_wconf 88' lang='lat' dir='ltr'>etiam</span> <span class='ocrx_word' id='word_1_246' title='bbox 1351 1718 1422 1764; x_wconf 91' lang='lat' dir='ltr'>per</span> <span class='ocrx_word' id='word_1_247' title='bbox 1458 1700 1732 1748; x_wconf 82' lang='lat' dir='ltr'>induciarum</span> <span class='ocrx_word' id='word_1_248' title='bbox 1760 1717 1930 1765; x_wconf 88' lang='lat' dir='ltr'>tempus</span> <span class='ocrx_word' id='word_1_249' title='bbox 1955 1703 2033 1751; x_wconf 77' lang='lat' dir='ltr'>effe</span> <span class='ocrx_word' id='word_1_250' title='bbox 2058 1706 2204 1754; x_wconf 89' lang='lat' dir='ltr'>consu-</span> 
     </span>
     <span class='ocr_line' id='line_1_46' title="bbox 549 1765 2202 1836; baseline 0.004 -22"><span class='ocrx_word' id='word_1_251' title='bbox 549 1768 758 1827; x_wconf 64' lang='lat' dir='ltr'>lendum,</span> <span class='ocrx_word' id='word_1_252' title='bbox 781 1787 828 1816; x_wconf 87' lang='lat' dir='ltr'>ac</span> <span class='ocrx_word' id='word_1_253' title='bbox 856 1765 888 1815; x_wconf 89' lang='lat' dir='ltr'>fi</span> <span class='ocrx_word' id='word_1_254' title='bbox 912 1786 1047 1833; x_wconf 89' lang='lat' dir='ltr'>quam</span> <span class='ocrx_word' id='word_1_255' title='bbox 1067 1771 1239 1815; x_wconf 89' lang='lat' dir='ltr'>interim</span> <span class='ocrx_word' id='word_1_256' title='bbox 1259 1770 1303 1814; x_wconf 89' lang='lat' dir='ltr'>in</span> <span class='ocrx_word' id='word_1_257' title='bbox 1334 1783 1501 1830; x_wconf 89' lang='lat' dir='ltr'>partem</span> <span class='ocrx_word' id='word_1_258' title='bbox 1533 1765 1657 1814; x_wconf 88' lang='lat' dir='ltr'>miles</span> <span class='ocrx_word' id='word_1_259' title='bbox 1682 1769 1844 1831; x_wconf 89' lang='lat' dir='ltr'>Regius</span> <span class='ocrx_word' id='word_1_260' title='bbox 1870 1784 1985 1816; x_wconf 82' lang='lat' dir='ltr'>extra</span> <span class='ocrx_word' id='word_1_261' title='bbox 2007 1770 2202 1836; x_wconf 86' lang='lat' dir='ltr'>Belgium</span> 
     </span>
     <span class='ocr_line' id='line_1_47' title="bbox 549 1833 2202 1901; baseline 0.002 -20"><span class='ocrx_word' id='word_1_262' title='bbox 549 1838 802 1894; x_wconf 79' lang='lat' dir='ltr'>mitteretur,</span> <span class='ocrx_word' id='word_1_263' title='bbox 818 1837 956 1881; x_wconf 85' lang='lat' dir='ltr'>Patres</span> <span class='ocrx_word' id='word_1_264' title='bbox 977 1837 1123 1898; x_wconf 89' lang='lat' dir='ltr'>vtique</span> <span class='ocrx_word' id='word_1_265' title='bbox 1141 1851 1217 1897; x_wconf 86' lang='lat' dir='ltr'>pro</span> <span class='ocrx_word' id='word_1_266' title='bbox 1231 1836 1419 1879; x_wconf 89' lang='lat' dir='ltr'>muneris</span> <span class='ocrx_word' id='word_1_267' title='bbox 1438 1833 1671 1880; x_wconf 72' lang='lat' dir='ltr'>{iuratione</span> <span class='ocrx_word' id='word_1_268' title='bbox 1687 1836 1990 1881; x_wconf 86' lang='lat' dir='ltr'>comitaturos:</span> <span class='ocrx_word' id='word_1_269' title='bbox 2021 1838 2140 1901; x_wconf 87' lang='lat' dir='ltr'>quod</span> <span class='ocrx_word' id='word_1_270' title='bbox 2159 1847 2202 1888; x_wconf 85' lang='lat'>&amp;</span> 
     </span>
     <span class='ocr_line' id='line_1_48' title="bbox 545 1897 2202 1964; baseline 0.004 -18"><span class='ocrx_word' id='word_1_271' title='bbox 545 1898 663 1947; x_wconf 67' lang='lat' dir='ltr'>faeto</span> <span class='ocrx_word' id='word_1_272' title='bbox 675 1901 794 1947; x_wconf 83' lang='lat' dir='ltr'>fuiffe</span> <span class='ocrx_word' id='word_1_273' title='bbox 809 1918 916 1964; x_wconf 89' lang='lat' dir='ltr'>opus</span> <span class='ocrx_word' id='word_1_274' title='bbox 935 1899 1081 1963; x_wconf 65' lang='lat' dir='ltr'>posted.</span> <span class='ocrx_word' id='word_1_275' title='bbox 1101 1899 1186 1947; x_wconf 85' lang='lat' dir='ltr'>dies</span> <span class='ocrx_word' id='word_1_276' title='bbox 1209 1897 1411 1945; x_wconf 88' lang='lat' dir='ltr'>ostendit.</span> <span class='ocrx_word' id='word_1_277' title='bbox 1446 1897 1610 1947; x_wconf 70' lang='lat' dir='ltr'>Verum</span> <span class='ocrx_word' id='word_1_278' title='bbox 1640 1898 1730 1946; x_wconf 81' lang='lat' dir='ltr'>haec</span> <span class='ocrx_word' id='word_1_279' title='bbox 1760 1918 1831 1947; x_wconf 88' lang='lat' dir='ltr'>eos</span> <span class='ocrx_word' id='word_1_280' title='bbox 1861 1901 2202 1952; x_wconf 83' lang='lat' dir='ltr'>animaduertere</span> 
     </span>
     <span class='ocr_line' id='line_1_49' title="bbox 544 1962 2203 2030; baseline 0.004 -18"><span class='ocrx_word' id='word_1_281' title='bbox 544 1983 635 2013; x_wconf 90' lang='lat' dir='ltr'>non</span> <span class='ocrx_word' id='word_1_282' title='bbox 647 1964 840 2013; x_wconf 86' lang='lat' dir='ltr'>finebant</span> <span class='ocrx_word' id='word_1_283' title='bbox 856 1962 921 2013; x_wconf 90' lang='lat' dir='ltr'>vel</span> <span class='ocrx_word' id='word_1_284' title='bbox 935 1981 1088 2029; x_wconf 82' lang='lat' dir='ltr'>parum</span> <span class='ocrx_word' id='word_1_285' title='bbox 1112 1982 1232 2030; x_wconf 81' lang='lat' dir='ltr'>aequa</span> <span class='ocrx_word' id='word_1_286' title='bbox 1248 1982 1345 2030; x_wconf 87' lang='lat' dir='ltr'>erga</span> <span class='ocrx_word' id='word_1_287' title='bbox 1367 1983 1445 2011; x_wconf 86' lang='lat' dir='ltr'>nos</span> <span class='ocrx_word' id='word_1_288' title='bbox 1460 1965 1621 2025; x_wconf 86' lang='lat' dir='ltr'>studia,</span> <span class='ocrx_word' id='word_1_289' title='bbox 1646 1963 1713 2014; x_wconf 87' lang='lat' dir='ltr'>vel</span> <span class='ocrx_word' id='word_1_290' title='bbox 1731 1967 1775 2011; x_wconf 90' lang='lat' dir='ltr'>in</span> <span class='ocrx_word' id='word_1_291' title='bbox 1794 1965 1898 2014; x_wconf 84' lang='lat' dir='ltr'>solas</span> <span class='ocrx_word' id='word_1_292' title='bbox 1918 1983 1977 2013; x_wconf 85' lang='lat' dir='ltr'>res</span> <span class='ocrx_word' id='word_1_293' title='bbox 1996 1967 2203 2018; x_wconf 85' lang='lat' dir='ltr'>humanas</span> 
     </span>
     <span class='ocr_line' id='line_1_50' title="bbox 546 2028 2202 2098; baseline 0.004 -21"><span class='ocrx_word' id='word_1_294' title='bbox 546 2031 736 2079; x_wconf 75' lang='lat' dir='ltr'>nimium</span> <span class='ocrx_word' id='word_1_295' title='bbox 769 2035 932 2079; x_wconf 87' lang='lat' dir='ltr'>intenta</span> <span class='ocrx_word' id='word_1_296' title='bbox 961 2034 1168 2095; x_wconf 80' lang='lat' dir='ltr'>cogitatio</span> <span class='ocrx_word' id='word_1_297' title='bbox 1197 2028 1283 2078; x_wconf 84' lang='lat' dir='ltr'>fine</span> <span class='ocrx_word' id='word_1_298' title='bbox 1310 2030 1407 2078; x_wconf 63' lang='lat' dir='ltr'>cura</span> <span class='ocrx_word' id='word_1_299' title='bbox 1435 2030 1702 2078; x_wconf 91' lang='lat' dir='ltr'>diuinorum.</span> <span class='ocrx_word' id='word_1_300' title='bbox 1745 2031 2075 2098; x_wconf 85' lang='lat' dir='ltr'>Qodcumque</span> <span class='ocrx_word' id='word_1_301' title='bbox 2096 2034 2202 2085; x_wconf 89' lang='lat' dir='ltr'>illud</span> 
     </span>
     <span class='ocr_line' id='line_1_51' title="bbox 543 2095 2203 2162; baseline 0.004 -20"><span class='ocrx_word' id='word_1_302' title='bbox 543 2096 627 2144; x_wconf 90' lang='lat' dir='ltr'>fuit</span> <span class='ocrx_word' id='word_1_303' title='bbox 641 2137 654 2157; x_wconf 88' lang='lat'>,</span> <span class='ocrx_word' id='word_1_304' title='bbox 672 2096 780 2144; x_wconf 76' lang='lat' dir='ltr'>certe</span> <span class='ocrx_word' id='word_1_305' title='bbox 805 2101 974 2162; x_wconf 89' lang='lat' dir='ltr'>Regem</span> <span class='ocrx_word' id='word_1_306' title='bbox 991 2097 1282 2162; x_wconf 85' lang='lat' dir='ltr'>frequentibus</span> <span class='ocrx_word' id='word_1_307' title='bbox 1301 2095 1446 2144; x_wconf 86' lang='lat' dir='ltr'>litteris</span> <span class='ocrx_word' id='word_1_308' title='bbox 1465 2095 1825 2161; x_wconf 85' lang='lat' dir='ltr'>interpellandum</span> <span class='ocrx_word' id='word_1_309' title='bbox 1855 2115 2085 2162; x_wconf 82' lang='lat' dir='ltr'>putarunt,</span> <span class='ocrx_word' id='word_1_310' title='bbox 2107 2120 2203 2149; x_wconf 80' lang='lat' dir='ltr'>mo.-</span> 
     </span>
     <span class='ocr_line' id='line_1_52' title="bbox 545 2161 2203 2228; baseline 0.004 -21"><span class='ocrx_word' id='word_1_311' title='bbox 545 2162 903 2228; x_wconf 76' lang='lat' dir='ltr'>nendumque,ex</span> <span class='ocrx_word' id='word_1_312' title='bbox 920 2162 998 2210; x_wconf 91' lang='lat' dir='ltr'>illo</span> <span class='ocrx_word' id='word_1_313' title='bbox 1014 2182 1092 2211; x_wconf 84' lang='lat' dir='ltr'>aere</span> <span class='ocrx_word' id='word_1_314' title='bbox 1106 2162 1233 2211; x_wconf 86' lang='lat' dir='ltr'>nobis</span> <span class='ocrx_word' id='word_1_315' title='bbox 1250 2180 1479 2210; x_wconf 86' lang='lat' dir='ltr'>numerato</span> <span class='ocrx_word' id='word_1_316' title='bbox 1495 2161 1675 2210; x_wconf 87' lang='lat' dir='ltr'>conflari</span> <span class='ocrx_word' id='word_1_317' title='bbox 1693 2163 1805 2227; x_wconf 77' lang='lat' dir='ltr'>posse</span> <span class='ocrx_word' id='word_1_318' title='bbox 1823 2163 2061 2213; x_wconf 86' lang='lat' dir='ltr'>multorum</span> <span class='ocrx_word' id='word_1_319' title='bbox 2089 2166 2203 2214; x_wconf 82' lang='lat' dir='ltr'>mili-</span> 
     </span>
     <span class='ocr_line' id='line_1_53' title="bbox 544 2227 2202 2293; baseline 0.005 -21"><span class='ocrx_word' id='word_1_320' title='bbox 544 2242 640 2275; x_wconf 89' lang='lat' dir='ltr'>tum</span> <span class='ocrx_word' id='word_1_321' title='bbox 656 2228 883 2293; x_wconf 82' lang='lat' dir='ltr'>stipendia,</span> <span class='ocrx_word' id='word_1_322' title='bbox 901 2247 1092 2293; x_wconf 88' lang='lat' dir='ltr'>quorum</span> <span class='ocrx_word' id='word_1_323' title='bbox 1110 2228 1267 2277; x_wconf 86' lang='lat' dir='ltr'>scilicet</span> <span class='ocrx_word' id='word_1_324' title='bbox 1291 2228 1535 2275; x_wconf 73' lang='lat' dir='ltr'>necessarius</span> <span class='ocrx_word' id='word_1_325' title='bbox 1552 2232 1596 2276; x_wconf 88' lang='lat' dir='ltr'>in</span> <span class='ocrx_word' id='word_1_326' title='bbox 1617 2227 1734 2276; x_wconf 89' lang='lat' dir='ltr'>bello</span> <span class='ocrx_word' id='word_1_327' title='bbox 1755 2229 1847 2278; x_wconf 80' lang='lat' dir='ltr'>Vsus</span> <span class='ocrx_word' id='word_1_328' title='bbox 1861 2269 1874 2290; x_wconf 87' lang='lat'>,</span> <span class='ocrx_word' id='word_1_329' title='bbox 1893 2248 1983 2277; x_wconf 90' lang='lat' dir='ltr'>non</span> <span class='ocrx_word' id='word_1_330' title='bbox 2003 2235 2107 2280; x_wconf 86' lang='lat' dir='ltr'>item</span> <span class='ocrx_word' id='word_1_331' title='bbox 2124 2236 2202 2280; x_wconf 87' lang='lat' dir='ltr'>Pa-</span> 
     </span>
     <span class='ocr_line' id='line_1_54' title="bbox 546 2294 2201 2364; baseline 0.005 -26"><span class='ocrx_word' id='word_1_332' title='bbox 546 2309 659 2339; x_wconf 85' lang='lat' dir='ltr'>trum</span> <span class='ocrx_word' id='word_1_333' title='bbox 679 2313 815 2358; x_wconf 87' lang='lat' dir='ltr'>nuper</span> <span class='ocrx_word' id='word_1_334' title='bbox 828 2295 852 2343; x_wconf 67' lang='lat' dir='ltr'>a</span> <span class='ocrx_word' id='word_1_335' title='bbox 871 2294 1089 2342; x_wconf 80' lang='lat' dir='ltr'>Parmensi</span> <span class='ocrx_word' id='word_1_336' title='bbox 1108 2298 1233 2341; x_wconf 87' lang='lat' dir='ltr'>Duce</span> <span class='ocrx_word' id='word_1_337' title='bbox 1257 2313 1378 2341; x_wconf 90' lang='lat' dir='ltr'>nouo</span> <span class='ocrx_word' id='word_1_338' title='bbox 1399 2298 1581 2342; x_wconf 88' lang='lat' dir='ltr'>inuento</span> <span class='ocrx_word' id='word_1_339' title='bbox 1597 2294 2050 2360; x_wconf 84' lang='lat' dir='ltr'>adscitorum,priuatae</span> <span class='ocrx_word' id='word_1_340' title='bbox 2067 2302 2201 2364; x_wconf 83' lang='lat' dir='ltr'>magis</span> 
     </span>
     <span class='ocr_line' id='line_1_55' title="bbox 546 2355 2203 2426; baseline 0.005 -22"><span class='ocrx_word' id='word_1_341' title='bbox 546 2355 871 2418; x_wconf 60' lang='lat' dir='ltr'>beneuolentiae,</span> <span class='ocrx_word' id='word_1_342' title='bbox 894 2360 1029 2425; x_wconf 62' lang='lat' dir='ltr'>quam</span> <span class='ocrx_word' id='word_1_343' title='bbox 1047 2360 1155 2409; x_wconf 92' lang='lat' dir='ltr'>boni</span> <span class='ocrx_word' id='word_1_344' title='bbox 1169 2360 1335 2425; x_wconf 89' lang='lat' dir='ltr'>publici</span> <span class='ocrx_word' id='word_1_345' title='bbox 1352 2357 1526 2407; x_wconf 66' lang='lat' dir='ltr'>affectu.</span> <span class='ocrx_word' id='word_1_346' title='bbox 1566 2363 1663 2407; x_wconf 88' lang='lat' dir='ltr'>Sine</span> <span class='ocrx_word' id='word_1_347' title='bbox 1680 2360 1745 2409; x_wconf 82' lang='lat' dir='ltr'>his</span> <span class='ocrx_word' id='word_1_348' title='bbox 1760 2370 1802 2409; x_wconf 86' lang='lat'>&amp;</span> <span class='ocrx_word' id='word_1_349' title='bbox 1820 2378 2063 2426; x_wconf 77' lang='lat' dir='ltr'>pugnatum</span> <span class='ocrx_word' id='word_1_350' title='bbox 2083 2365 2203 2413; x_wconf 68' lang='lat' dir='ltr'>antea.</span> 
     </span>
     <span class='ocr_line' id='line_1_56' title="bbox 549 2422 2203 2494; baseline 0.005 -26"><span class='ocrx_word' id='word_1_351' title='bbox 549 2422 666 2471; x_wconf 82' lang='lat' dir='ltr'>fuisse</span> <span class='ocrx_word' id='word_1_352' title='bbox 683 2428 727 2471; x_wconf 88' lang='lat' dir='ltr'>in</span> <span class='ocrx_word' id='word_1_353' title='bbox 745 2427 914 2490; x_wconf 68' lang='lat' dir='ltr'>Belgio,</span> <span class='ocrx_word' id='word_1_354' title='bbox 934 2434 977 2473; x_wconf 74' lang='grc' dir='ltr'>δε</span> <span class='ocrx_word' id='word_1_355' title='bbox 997 2444 1108 2473; x_wconf 84' lang='lat' dir='ltr'>extra</span> <span class='ocrx_word' id='word_1_356' title='bbox 1129 2425 1239 2474; x_wconf 89' lang='lat' dir='ltr'>illud</span> <span class='ocrx_word' id='word_1_357' title='bbox 1254 2444 1371 2473; x_wconf 89' lang='lat' dir='ltr'>nunc</span> <span class='ocrx_word' id='word_1_358' title='bbox 1387 2442 1475 2473; x_wconf 88' lang='lat' dir='ltr'>non</span> <span class='ocrx_word' id='word_1_359' title='bbox 1492 2426 1715 2474; x_wconf 86' lang='lat' dir='ltr'>infeliciter</span> <span class='ocrx_word' id='word_1_360' title='bbox 1730 2433 1922 2491; x_wconf 86' lang='lat' dir='ltr'>pugnari.</span> <span class='ocrx_word' id='word_1_361' title='bbox 1969 2429 2049 2477; x_wconf 89' lang='lat' dir='ltr'>Sed</span> <span class='ocrx_word' id='word_1_362' title='bbox 2067 2448 2203 2494; x_wconf 86' lang='lat' dir='ltr'>neque</span> 
     </span>
     <span class='ocr_line' id='line_1_57' title="bbox 550 2487 2198 2557; baseline 0.006 -23"><span class='ocrx_word' id='word_1_363' title='bbox 550 2487 680 2536; x_wconf 80' lang='lat' dir='ltr'>deesse</span> <span class='ocrx_word' id='word_1_364' title='bbox 697 2492 944 2539; x_wconf 85' lang='lat' dir='ltr'>Sacerdotes</span> <span class='ocrx_word' id='word_1_365' title='bbox 962 2491 1066 2539; x_wconf 91' lang='lat' dir='ltr'>alios</span> <span class='ocrx_word' id='word_1_366' title='bbox 1085 2491 1296 2556; x_wconf 89' lang='lat' dir='ltr'>plerisque</span> <span class='ocrx_word' id='word_1_367' title='bbox 1312 2490 1573 2556; x_wconf 83' lang='lat' dir='ltr'>legionibus,</span> <span class='ocrx_word' id='word_1_368' title='bbox 1603 2510 1714 2556; x_wconf 88' lang='lat' dir='ltr'>quos</span> <span class='ocrx_word' id='word_1_369' title='bbox 1744 2491 2005 2557; x_wconf 86' lang='lat' dir='ltr'>Capellanos</span> <span class='ocrx_word' id='word_1_370' title='bbox 2031 2512 2198 2544; x_wconf 87' lang='lat' dir='ltr'>vocant.</span> 
     </span>
     <span class='ocr_line' id='line_1_58' title="bbox 550 2552 2201 2624; baseline 0.006 -25"><span class='ocrx_word' id='word_1_371' title='bbox 550 2552 715 2602; x_wconf 79' lang='lat' dir='ltr'>Adhaec</span> <span class='ocrx_word' id='word_1_372' title='bbox 737 2556 828 2604; x_wconf 87' lang='lat' dir='ltr'>satis</span> <span class='ocrx_word' id='word_1_373' title='bbox 847 2557 998 2605; x_wconf 88' lang='lat' dir='ltr'>instrui</span> <span class='ocrx_word' id='word_1_374' title='bbox 1025 2558 1138 2622; x_wconf 84' lang='lat' dir='ltr'>poffe</span> <span class='ocrx_word' id='word_1_375' title='bbox 1154 2558 1339 2605; x_wconf 87' lang='lat' dir='ltr'>militem</span> <span class='ocrx_word' id='word_1_376' title='bbox 1359 2556 1618 2605; x_wconf 82' lang='lat' dir='ltr'>Christianis</span> <span class='ocrx_word' id='word_1_377' title='bbox 1644 2562 1818 2606; x_wconf 88' lang='lat' dir='ltr'>monitis</span> <span class='ocrx_word' id='word_1_378' title='bbox 1848 2559 1931 2623; x_wconf 63' lang='lat' dir='ltr'>qua</span> <span class='ocrx_word' id='word_1_379' title='bbox 1959 2576 2074 2624; x_wconf 86' lang='lat' dir='ltr'>parte</span> <span class='ocrx_word' id='word_1_380' title='bbox 2100 2565 2201 2609; x_wconf 86' lang='lat' dir='ltr'>anni</span> 
     </span>
     <span class='ocr_line' id='line_1_59' title="bbox 550 2619 2202 2688; baseline 0.007 -25"><span class='ocrx_word' id='word_1_381' title='bbox 550 2620 594 2664; x_wconf 89' lang='lat' dir='ltr'>in</span> <span class='ocrx_word' id='word_1_382' title='bbox 614 2619 796 2668; x_wconf 86' lang='lat' dir='ltr'>hibernis</span> <span class='ocrx_word' id='word_1_383' title='bbox 812 2627 914 2687; x_wconf 85' lang='lat' dir='ltr'>agit:</span> <span class='ocrx_word' id='word_1_384' title='bbox 939 2627 983 2669; x_wconf 92' lang='lat' dir='ltr'>in</span> <span class='ocrx_word' id='word_1_385' title='bbox 1004 2643 1163 2688; x_wconf 82' lang='lat' dir='ltr'>campo</span> <span class='ocrx_word' id='word_1_386' title='bbox 1180 2642 1271 2672; x_wconf 90' lang='lat' dir='ltr'>non</span> <span class='ocrx_word' id='word_1_387' title='bbox 1293 2623 1346 2671; x_wconf 89' lang='lat' dir='ltr'>de</span> <span class='ocrx_word' id='word_1_388' title='bbox 1366 2623 1490 2671; x_wconf 88' lang='lat' dir='ltr'>rebus</span> <span class='ocrx_word' id='word_1_389' title='bbox 1510 2627 1674 2685; x_wconf 86' lang='lat' dir='ltr'>animi,</span> <span class='ocrx_word' id='word_1_390' title='bbox 1692 2624 1760 2672; x_wconf 87' lang='lat' dir='ltr'>sed</span> <span class='ocrx_word' id='word_1_391' title='bbox 1778 2624 1830 2672; x_wconf 89' lang='lat' dir='ltr'>de</span> <span class='ocrx_word' id='word_1_392' title='bbox 1855 2624 1978 2674; x_wconf 88' lang='lat' dir='ltr'>hoste</span> <span class='ocrx_word' id='word_1_393' title='bbox 2001 2628 2202 2675; x_wconf 47' lang='lat' dir='ltr'>victori-3-</span> 
     </span>
     <span class='ocr_line' id='line_1_60' title="bbox 550 2688 2201 2757; baseline 0.007 -28"><span class='ocrx_word' id='word_1_394' title='bbox 550 2700 634 2745; x_wconf 86' lang='lat' dir='ltr'>que</span> <span class='ocrx_word' id='word_1_395' title='bbox 665 2688 959 2749; x_wconf 85' lang='lat' dir='ltr'>cogitandum.</span> <span class='ocrx_word' id='word_1_396' title='bbox 995 2689 1311 2737; x_wconf 88' lang='lat' dir='ltr'>Huiuscemodi</span> <span class='ocrx_word' id='word_1_397' title='bbox 1340 2708 1494 2754; x_wconf 87' lang='lat' dir='ltr'>parum</span> <span class='ocrx_word' id='word_1_398' title='bbox 1532 2688 1666 2737; x_wconf 87' lang='lat' dir='ltr'>firmis</span> <span class='ocrx_word' id='word_1_399' title='bbox 1695 2688 1934 2739; x_wconf 81' lang='lat' dir='ltr'>rationibus</span> <span class='ocrx_word' id='word_1_400' title='bbox 1966 2692 2201 2757; x_wconf 83' lang='lat' dir='ltr'>fatigabant</span> 
     </span>
     <span class='ocr_line' id='line_1_61' title="bbox 552 2749 2202 2820; baseline 0.008 -27"><span class='ocrx_word' id='word_1_401' title='bbox 552 2749 733 2812; x_wconf 80' lang='lat' dir='ltr'>Regem3</span> <span class='ocrx_word' id='word_1_402' title='bbox 753 2769 829 2799; x_wconf 89' lang='lat' dir='ltr'>nec</span> <span class='ocrx_word' id='word_1_403' title='bbox 844 2757 961 2816; x_wconf 90' lang='lat' dir='ltr'>quies</span> <span class='ocrx_word' id='word_1_404' title='bbox 976 2754 1074 2813; x_wconf 86' lang='lat' dir='ltr'>fuit,</span> <span class='ocrx_word' id='word_1_405' title='bbox 1090 2756 1230 2802; x_wconf 89' lang='lat' dir='ltr'>donec</span> <span class='ocrx_word' id='word_1_406' title='bbox 1253 2753 1456 2803; x_wconf 85' lang='lat' dir='ltr'>Marchio</span> <span class='ocrx_word' id='word_1_407' title='bbox 1482 2756 1676 2820; x_wconf 80' lang='lat' dir='ltr'>Spinola,</span> <span class='ocrx_word' id='word_1_408' title='bbox 1694 2756 1915 2820; x_wconf 87' lang='lat' dir='ltr'>supremus</span> <span class='ocrx_word' id='word_1_409' title='bbox 1933 2756 2099 2806; x_wconf 83' lang='lat' dir='ltr'>militiae</span> <span class='ocrx_word' id='word_1_410' title='bbox 2113 2761 2202 2806; x_wconf 84' lang='lat' dir='ltr'>Im-</span> 
     </span>
     <span class='ocr_line' id='line_1_62' title="bbox 550 2818 2200 2887; baseline 0.008 -29"><span class='ocrx_word' id='word_1_411' title='bbox 550 2830 737 2875; x_wconf 80' lang='lat' dir='ltr'>perator,</span> <span class='ocrx_word' id='word_1_412' title='bbox 770 2818 1048 2880; x_wconf 84' lang='lat' dir='ltr'>quotidianus</span> <span class='ocrx_word' id='word_1_413' title='bbox 1076 2821 1161 2884; x_wconf 92' lang='lat' dir='ltr'>ipse</span> <span class='ocrx_word' id='word_1_414' title='bbox 1178 2820 1382 2887; x_wconf 70' lang='lat' dir='ltr'>idemque</span> <span class='ocrx_word' id='word_1_415' title='bbox 1409 2820 1676 2885; x_wconf 84' lang='lat' dir='ltr'>grauissimus</span> <span class='ocrx_word' id='word_1_416' title='bbox 1712 2825 1940 2870; x_wconf 54' lang='lat' dir='ltr'>actionum</span> <span class='ocrx_word' id='word_1_417' title='bbox 1961 2824 2200 2872; x_wconf 87' lang='lat' dir='ltr'>nostrarum</span> 
     </span>
     <span class='ocr_line' id='line_1_63' title="bbox 550 2878 2204 2952; baseline 0.009 -30"><span class='ocrx_word' id='word_1_418' title='bbox 550 2878 803 2951; x_wconf 42' lang='lat' dir='ltr'>testi&#39;s‚suam</span> <span class='ocrx_word' id='word_1_419' title='bbox 818 2882 897 2928; x_wconf 86' lang='lat' dir='ltr'>hac</span> <span class='ocrx_word' id='word_1_420' title='bbox 909 2883 961 2930; x_wconf 92' lang='lat' dir='ltr'>de</span> <span class='ocrx_word' id='word_1_421' title='bbox 975 2902 1015 2930; x_wconf 87' lang='lat' dir='ltr'>re</span> <span class='ocrx_word' id='word_1_422' title='bbox 1031 2885 1280 2934; x_wconf 87' lang='lat' dir='ltr'>sententiam</span> <span class='ocrx_word' id='word_1_423' title='bbox 1295 2885 1515 2935; x_wconf 84' lang='lat' dir='ltr'>luculento</span> <span class='ocrx_word' id='word_1_424' title='bbox 1526 2885 1679 2951; x_wconf 88' lang='lat' dir='ltr'>scripto</span> <span class='ocrx_word' id='word_1_425' title='bbox 1699 2888 2056 2952; x_wconf 88' lang='lat' dir='ltr'>comprehensam</span> <span class='ocrx_word' id='word_1_426' title='bbox 2072 2889 2204 2937; x_wconf 85' lang='lat' dir='ltr'>trans-</span> 
     </span>
     <span class='ocr_line' id='line_1_64' title="bbox 550 2944 2201 3019; baseline 0.008 -30"><span class='ocrx_word' id='word_1_427' title='bbox 550 2944 667 2991; x_wconf 85' lang='lat' dir='ltr'>misit</span> <span class='ocrx_word' id='word_1_428' title='bbox 682 2946 805 3008; x_wconf 85' lang='lat' dir='ltr'>Regi.</span> <span class='ocrx_word' id='word_1_429' title='bbox 846 2951 934 2995; x_wconf 78' lang='lat' dir='ltr'>Has</span> <span class='ocrx_word' id='word_1_430' title='bbox 952 2948 1028 2997; x_wconf 88' lang='lat' dir='ltr'>vbi</span> <span class='ocrx_word' id='word_1_431' title='bbox 1052 2949 1207 2999; x_wconf 86' lang='lat' dir='ltr'>litteras</span> <span class='ocrx_word' id='word_1_432' title='bbox 1225 2957 1385 3017; x_wconf 82' lang='lat' dir='ltr'>accepit</span> <span class='ocrx_word' id='word_1_433' title='bbox 1400 2955 1493 3000; x_wconf 82' lang='lat' dir='ltr'>R&#39;e&#39;x</span> <span class='ocrx_word' id='word_1_434' title='bbox 1509 2993 1521 3013; x_wconf 87' lang='lat'>‚</span> <span class='ocrx_word' id='word_1_435' title='bbox 1540 2971 1590 3000; x_wconf 81' lang='lat' dir='ltr'>ex</span> <span class='ocrx_word' id='word_1_436' title='bbox 1608 2951 1742 3019; x_wconf 72' lang='lat' dir='ltr'>iisque</span> <span class='ocrx_word' id='word_1_437' title='bbox 1759 2954 1913 3001; x_wconf 91' lang='lat' dir='ltr'>didicit</span> <span class='ocrx_word' id='word_1_438' title='bbox 1937 2971 2103 3019; x_wconf 88' lang='lat' dir='ltr'>quanto</span> <span class='ocrx_word' id='word_1_439' title='bbox 2120 2955 2201 3003; x_wconf 85' lang='lat' dir='ltr'>suae</span> 
     </span>
     <span class='ocr_line' id='line_1_65' title="bbox 550 3009 2200 3085; baseline 0.008 -30"><span class='ocrx_word' id='word_1_440' title='bbox 550 3009 786 3084; x_wconf 79' lang='lat' dir='ltr'>Maiestatis</span> <span class='ocrx_word' id='word_1_441' title='bbox 807 3011 988 3073; x_wconf 80' lang='lat' dir='ltr'>honore,</span> <span class='ocrx_word' id='word_1_442' title='bbox 1002 3019 1157 3081; x_wconf 61' lang='lat' dir='ltr'>quanta</span> <span class='ocrx_word' id='word_1_443' title='bbox 1169 3018 1332 3065; x_wconf 91' lang='lat' dir='ltr'>ducum</span> <span class='ocrx_word' id='word_1_444' title='bbox 1351 3019 1631 3085; x_wconf 87' lang='lat' dir='ltr'>militumq&#39;ue</span> <span class='ocrx_word' id='word_1_445' title='bbox 1651 3019 1784 3083; x_wconf 59' lang='lat' dir='ltr'>gratia</span> <span class='ocrx_word' id='word_1_446' title='bbox 1797 3059 1809 3079; x_wconf 88' lang='lat'>,</span> <span class='ocrx_word' id='word_1_447' title='bbox 1829 3027 1888 3077; x_wconf 72' lang='grc' dir='ltr'>δε,</span> <span class='ocrx_word' id='word_1_448' title='bbox 1913 3020 2036 3083; x_wconf 89' lang='lat' dir='ltr'>quod</span> <span class='ocrx_word' id='word_1_449' title='bbox 2060 3038 2200 3085; x_wconf 84' lang='lat' dir='ltr'>caput,</span> 
     </span>
     <span class='ocr_line' id='line_1_66' title="bbox 549 3077 2200 3151; baseline 0.01 -32"><span class='ocrx_word' id='word_1_450' title='bbox 549 3091 803 3122; x_wconf 85' lang='lat' dir='ltr'>animorum</span> <span class='ocrx_word' id='word_1_451' title='bbox 834 3077 1015 3126; x_wconf 84' lang='lat' dir='ltr'>Vtilitate</span> <span class='ocrx_word' id='word_1_452' title='bbox 1042 3081 1184 3129; x_wconf 85' lang='lat' dir='ltr'>adhuc</span> <span class='ocrx_word' id='word_1_453' title='bbox 1209 3086 1254 3129; x_wconf 90' lang='lat' dir='ltr'>in</span> <span class='ocrx_word' id='word_1_454' title='bbox 1275 3083 1414 3130; x_wconf 87' lang='lat' dir='ltr'>castris</span> <span class='ocrx_word' id='word_1_455' title='bbox 1444 3085 1600 3133; x_wconf 85' lang='lat' dir='ltr'>versata</span> <span class='ocrx_word' id='word_1_456' title='bbox 1625 3084 1722 3131; x_wconf 76' lang='lat' dir='ltr'>esset</span> <span class='ocrx_word' id='word_1_457' title='bbox 1747 3088 1959 3143; x_wconf 79' lang='lat' dir='ltr'>Societas,</span> <span class='ocrx_word' id='word_1_458' title='bbox 1977 3091 2146 3151; x_wconf 85' lang='lat' dir='ltr'>quantis</span> <span class='ocrx_word' id='word_1_459' title='bbox 2163 3087 2200 3134; x_wconf 90' lang='lat' dir='ltr'>se</span> 
     </span>
     <span class='ocr_line' id='line_1_67' title="bbox 548 3140 2201 3210; baseline 0.01 -26"><span class='ocrx_word' id='word_1_460' title='bbox 548 3140 789 3187; x_wconf 82' lang='lat' dir='ltr'>confecisset</span> <span class='ocrx_word' id='word_1_461' title='bbox 813 3140 1049 3203; x_wconf 84' lang='lat' dir='ltr'>laboribus,</span> <span class='ocrx_word' id='word_1_462' title='bbox 1073 3163 1181 3209; x_wconf 89' lang='lat' dir='ltr'>quot</span> <span class='ocrx_word' id='word_1_463' title='bbox 1212 3147 1408 3210; x_wconf 86' lang='lat' dir='ltr'>periculis</span> <span class='ocrx_word' id='word_1_464' title='bbox 1434 3149 1648 3198; x_wconf 77' lang='lat' dir='ltr'>obiecisset</span> <span class='ocrx_word' id='word_1_465' title='bbox 1662 3149 1747 3197; x_wconf 61' lang='lat' dir='ltr'>sol-li</span> <span class='ocrx_word' id='word_1_466' title='bbox 1759 3149 1900 3196; x_wconf 86' lang='lat' dir='ltr'>salutis</span> <span class='ocrx_word' id='word_1_467' title='bbox 1921 3149 2069 3198; x_wconf 84' lang='lat' dir='ltr'>alienae</span> <span class='ocrx_word' id='word_1_468' title='bbox 2085 3153 2201 3199; x_wconf 56' lang='lat' dir='ltr'>caus:-</span> 
     </span>
    </p>
   </div>
   <div class='ocr_carea' id='block_1_14' title="bbox 549 3204 2269 3278">
    <p class='ocr_par' dir='ltr' id='par_1_15' title="bbox 549 3204 2269 3278">
     <span class='ocr_line' id='line_1_68' title="bbox 549 3204 2269 3278; baseline 0.008 -27"><span class='ocrx_word' id='word_1_469' title='bbox 549 3204 1043 3271; x_wconf 64' lang='lat' dir='ltr'>53511aec‚inquam,Rex</span> <span class='ocrx_word' id='word_1_470' title='bbox 1063 3211 1297 3275; x_wconf 86' lang='lat' dir='ltr'>postquam</span> <span class='ocrx_word' id='word_1_471' title='bbox 1326 3215 1571 3263; x_wconf 61' lang='lat' dir='ltr'>indubitata</span> <span class='ocrx_word' id='word_1_472' title='bbox 1598 3215 1871 3263; x_wconf 76' lang='lat' dir='ltr'>Mai-chionis</span> <span class='ocrx_word' id='word_1_473' title='bbox 1903 3214 2199 3265; x_wconf 81' lang='lat' dir='ltr'>testificatione</span> <span class='ocrx_word' id='word_1_474' title='bbox 2266 3227 2269 3278; x_wconf 65' lang='grc' dir='ltr'>ᾖ</span> 
     </span>
    </p>
   </div>
   <div class='ocr_carea' id='block_1_15' title="bbox 546 3272 2201 3526">
    <p class='ocr_par' dir='ltr' id='par_1_16' title="bbox 546 3272 2201 3479">
     <span class='ocr_line' id='line_1_69' title="bbox 549 3272 2197 3346; baseline 0.01 -31"><span class='ocrx_word' id='word_1_475' title='bbox 549 3287 766 3343; x_wconf 83' lang='lat' dir='ltr'>comperta</span> <span class='ocrx_word' id='word_1_476' title='bbox 783 3272 960 3333; x_wconf 86' lang='lat' dir='ltr'>habuit,</span> <span class='ocrx_word' id='word_1_477' title='bbox 986 3275 1157 3322; x_wconf 59' lang='lat' dir='ltr'>indicto</span> <span class='ocrx_word' id='word_1_478' title='bbox 1173 3280 1431 3340; x_wconf 84' lang='lat' dir='ltr'>importunis</span> <span class='ocrx_word' id='word_1_479' title='bbox 1455 3279 1743 3333; x_wconf 83' lang='lat' dir='ltr'>monitoribus</span> <span class='ocrx_word' id='word_1_480' title='bbox 1762 3278 2197 3346; x_wconf 83' lang='lat' dir='ltr'>silenti0,perpetuarn</span> 
     </span>
     <span class='ocr_line' id='line_1_70' title="bbox 547 3334 2199 3415; baseline 0.011 -37"><span class='ocrx_word' id='word_1_481' title='bbox 547 3334 801 3385; x_wconf 85' lang='lat' dir='ltr'>Miffionem</span> <span class='ocrx_word' id='word_1_482' title='bbox 827 3339 904 3387; x_wconf 82' lang='lat' dir='ltr'>effe</span> <span class='ocrx_word' id='word_1_483' title='bbox 925 3338 1065 3388; x_wconf 88' lang='lat' dir='ltr'>voluit</span> <span class='ocrx_word' id='word_1_484' title='bbox 1082 3380 1095 3401; x_wconf 84' lang='lat'>,</span> <span class='ocrx_word' id='word_1_485' title='bbox 1129 3341 1332 3407; x_wconf 79' lang='lat' dir='ltr'>deditque</span> <span class='ocrx_word' id='word_1_486' title='bbox 1361 3344 1598 3394; x_wconf 85' lang='lat' dir='ltr'>castrorum</span> <span class='ocrx_word' id='word_1_487' title='bbox 1627 3344 1874 3394; x_wconf 84' lang='lat' dir='ltr'>censoribus</span> <span class='ocrx_word' id='word_1_488' title='bbox 1908 3348 2199 3415; x_wconf 65' lang='lat' dir='ltr'>Praefetstisque</span> 
     </span>
     <span class='ocr_line' id='line_1_71' title="bbox 546 3401 2201 3479; baseline 0.008 -31"><span class='ocrx_word' id='word_1_489' title='bbox 546 3404 676 3464; x_wconf 77' lang='lat' dir='ltr'>aerarij</span> <span class='ocrx_word' id='word_1_490' title='bbox 699 3401 760 3450; x_wconf 89' lang='lat' dir='ltr'>sui</span> <span class='ocrx_word' id='word_1_491' title='bbox 778 3405 1001 3467; x_wconf 82' lang='lat' dir='ltr'>mandata,</span> <span class='ocrx_word' id='word_1_492' title='bbox 1017 3424 1070 3454; x_wconf 89' lang='lat' dir='ltr'>ne</span> <span class='ocrx_word' id='word_1_493' title='bbox 1083 3407 1189 3472; x_wconf 88' lang='lat' dir='ltr'>quid</span> <span class='ocrx_word' id='word_1_494' title='bbox 1205 3411 1248 3454; x_wconf 89' lang='lat' dir='ltr'>in</span> <span class='ocrx_word' id='word_1_495' title='bbox 1261 3407 1481 3474; x_wconf 86' lang='lat' dir='ltr'>posterum</span> <span class='ocrx_word' id='word_1_496' title='bbox 1498 3411 1695 3460; x_wconf 85' lang='lat' dir='ltr'>aduersus</span> <span class='ocrx_word' id='word_1_497' title='bbox 1710 3414 1868 3474; x_wconf 80' lang='lat' dir='ltr'>Patres,</span> <span class='ocrx_word' id='word_1_498' title='bbox 1885 3431 2072 3479; x_wconf 89' lang='lat' dir='ltr'>quorum</span> <span class='ocrx_word' id='word_1_499' title='bbox 2096 3413 2201 3478; x_wconf 76' lang='lat' dir='ltr'>&#39;ope-¹</span> 
     </span>
    </p>

    <p class='ocr_par' dir='ltr' id='par_1_17' title="bbox 2104 3497 2192 3526">
     <span class='ocr_line' id='line_1_72' title="bbox 2104 3497 2192 3526; baseline 0 0"><span class='ocrx_word' id='word_1_500' title='bbox 2104 3497 2192 3526; x_wconf 84' lang='lat' dir='ltr'>ram</span> 
     </span>
    </p>
   </div>
   <div class='ocr_carea' id='block_1_16' title="bbox 2262 10 2264 554">
    <p class='ocr_par' dir='ltr' id='par_1_18' title="bbox 2262 10 2264 554">
     <span class='ocr_line' id='line_1_73' title="bbox 2262 10 2264 554; baseline 0 0"><span class='ocrx_word' id='word_1_501' title='bbox 2262 10 2264 554; x_wconf 95' lang='lat' dir='ltr'> </span> 
     </span>
    </p>
   </div>
   <div class='ocr_carea' id='block_1_17' title="bbox 2261 10 2269 1710">
    <p class='ocr_par' dir='ltr' id='par_1_19' title="bbox 2261 10 2269 1710">
     <span class='ocr_line' id='line_1_74' title="bbox 2261 10 2269 1710; baseline 0 0"><span class='ocrx_word' id='word_1_502' title='bbox 2261 10 2269 1710; x_wconf 95' lang='lat' dir='ltr'> </span> 
     </span>
    </p>
   </div>
  </div>
 </body>
</html>
