2321 4013
11 293 21 375 -—*-⁴
10 235 17 267 η-
6 103 17 222 .-“”·».ι--
3 69 14 88 f

243 232 408 290 L‘IBER
447 245 670 288 sex-svs,
719 245 992 288 SOCIETAS
1025 240 1593 294 FLANDRO-BELGICA.
1675 254 1776 306 911

117 324 361 388 Apostolici
382 327 517 370 animi
542 322 891 389 magnitudinem
908 321 1128 389 gloriosius
1147 329 1373 389 excogitari
1391 325 1516 390 possit
1532 360 1541 373 0
1595 331 1775 379 Habue-

117 406 218 436 runt
246 389 308 437 illi
341 387 638 450 Brabantiam,
653 388 911 450 Flandtiam,
930 389 1153 438 Geldriam
1167 431 1180 451 ‚
1204 390 1414 438 Artesiam
1428 431 1442 451 ,
1471 395 1755 444 Harmoniam
1763 438 1776 458 ,
1790 389 1885 458 ’ἦνῆ
1897 391 1958 469 ,ΞΤ

116 453 282 520 aliaque
297 455 406 513 loca,
425 454 516 518 quo
530 474 631 502 cum
646 458 791 519 Regiis
809 460 940 519 copiis
958 456 1235 520 migrandum
1250 457 1332 504 fuit
1345 497 1359 518 ,
1376 458 1457 505 siiae
1471 457 1630 507 theatra
1647 464 1777 508 virtu-
1790 448 1914 518 Lami
1925 449 1978 518 c:-

117 523 186 580 tis,
203 524 248 567 in
262 518 418 586 quibus
437 519 741 578 beneficentiae,
761 520 991 582 charitatis,
1010 520 1088 568 zeli
1103 522 1392 586 spedtaculum
1410 523 1566 572 ditent.
1599 525 1780 574 Habue-
1793 533 1879 565 stris·

117 602 217 632 runt
231 605 320 634 non
336 604 469 634 vnam
484 585 675 651 aliquam
697 603 884 650 gentem,
901 588 986 635 vna
1001 586 1147 634 indole
1162 607 1209 634 ac
1224 589 1429 650 sermone,
1445 590 1513 637 sed
1528 610 1574 638 ex
1589 595 1781 643 vniuersa

117 650 250 715 prope
269 650 435 715 Europ-(i
451 652 683 716 Hispanos,
702 651 831 698 Italos
849 691 862 711 ,
883 656 1141 712 Germanos,
1159 652 1342 717 Anglos,
1366 659 1530 717 scotos,
1550 657 1782 714 Hibernos,

120 714 286 780 Belgas,
306 715 495 782 aliosque
512 716 749 782 complures
764 740 774 775 3
791 734 982 781 quorum
997 716 1183 782 fingulos
1206 719 1427 767 vernaculi}
1452 721 1684 789 gentilique
1713 726 1784 773 sii&

118 778 267 846 lingua
277 782 570 831 Christianam
584 786 870 846 integritatem
885 782 1103 830 edocerent
1117 823 1130 843 ,
1155 792 1198 830 δέ
1214 784 1331 831 sacris
1350 787 1557 850 mysteriis
1577 829 1587 847 ,
1607 789 1705 837 cum
1724 809 1783 838 res

117 847 238 894 ferret
254 888 267 908 ,
291 847 526 896 Catholico
545 853 625 896 ritu
643 852 877 913 expiarent.
933 849 1094 896 Versati
1120 849 1217 894 sunt
1244 868 1346 896 cum
1377 853 1665 916 Principibus,
1683 875 1784 905 cum

115 913 328 962 Praechtis
345 918 570 978 copiarum
585 954 598 974 ,
616 931 742 978 atque
757 914 965 961 ordinum
982 912 1249 961 Dudtoribus
1261 954 1273 974 ,
1298 934 1401 962 cum
1425 920 1611 966 Patriciis
1638 940 1686 967 ac
1700 921 1786 986 ple:

118 975 240 1037 beiis,
260 987 304 1028 δε
322 980 550 1045 praesertim
570 981 724 1027 miseris
741 998 787 1026 ac
809 997 947 1026 rerum
960 984 1100 1044 egenis
1113 984 1318 1027 omnium
1334 1006 1344 1039 3
1360 997 1404 1029 vt
1420 983 1518 1030 cum
1534 989 1785 1036 animorum

120 1047 371 1093 commodis
397 1050 442 1092 in
460 1060 695 1093 commune
724 1043 1010 1106 consulerent,
1027 1063 1123 1092 tum
1147 1050 1277 1093 etiam
1305 1046 1614 1097 necessitatibus
1633 1070 1786 1116 corpo..

120 1127 218 1158 rum
247 1111 440 1176 praesenti
466 1130 602 1159 manu
621 1110 892 1159 subuenirent
910 1148 919 1157 .
970 1112 1136 1159 Versati
1161 1111 1312 1159 suntin
1331 1113 1686 1163 nosocomiorum
1704 1118 1788 1165 sor-

121 1175 249 1224 dibus
265 1196 312 1224 ac
325 1194 540 1224 carcerum
557 1176 725 1241 paedore
739 1217 751 1237 ,
780 1192 827 1238 vt
843 1180 960 1241 aegris
988 1178 1103 1224 iuxtii
1128 1186 1171 1224 δε
1187 1182 1362 1242 captiuis
1382 1213 1395 1235 ,
1424 1179 1509 1243 qua
1520 1180 1654 1242 solatii
1670 1223 1683 1243 ,
1703 1185 1788 1248 que}

121 1241 267 1304 auxilij
288 1242 447 1307 indigis
464 1278 477 1302 ,
492 1241 644 1293 solatio
662 1240 789 1290 simul
813 1251 857 1289 &
883 1240 1040 1290 auxilio
1065 1244 1205 1301 ess'ent3
1223 1263 1271 1290 ac
1287 1242 1318 1290 si
1335 1246 1612 1310 migrandum
1640 1247 1661 1295 ὲ
1685 1249 1789 1310 νίῑᾶ,
1822 1304 1825 1306 ,

121 1306 403 1355 decretoriam
433 1311 531 1357 vitae
553 1307 742 1355 mortalis
771 1305 1002 1355 clausulam
1023 1314 1220 1374 congruis
1247 1309 1301 1357 ad
1320 1309 1489 1358 beatam
1515 1318 1789 1363 aeternitatem

121 1371 324 1438 praefidiis
345 1378 693 1421 communirent.
735 1373 867 1438 Qid
886 1413 899 1433 ‚
929 1372 1049 1439 quod
1076 1379 1119 1421 in
1139 1375 1299 1423 medias
1327 1395 1502 1442 quoque
1525 1397 1790 1429 armatorum

123 1443 254 1500 acies,
285 1438 384 1487 cum
405 1437 574 1504 paribus
605 1443 821 1505 Vtrimque
849 1443 1098 1487 animorum
1129 1440 1346 1489 ardoribus
1376 1451 1419 1490 ὃς
1446 1462 1665 1494 armorum
1695 1486 1704 1505 ‚
1737 1446 1790 1494 de

123 1505 295 1553 sumnia
311 1510 369 1552 rei
385 1506 622 1553 decernitur
636 1545 649 1566 ,
676 1505 1037 1570 progrediendum
1061 1505 1142 1553 illis
1165 1525 1256 1554 non
1285 1508 1379 1555 raro
1396 1509 1476 1556 fuit
1493 1550 1505 1570 ,
1537 1520 1581 1559 δε
1600 1530 1672 1575 per
1686 1513 1792 1559 infe-

122 1570 210 1618 stos
227 1569 394 1636 gladios
428 1580 471 1619 δε
499 1569 582 1618 tela
602 1575 811 1618 micantia
826 1571 912 1619 huc
939 1570 1127 1638 illucque
1154 1573 1437 1621 cursandum?
1457 1574 1564 1623 dum
1584 1577 1696 1625 hiad
1711 1597 1792 1641 pu-

121 1636 354 1701 gnandum
382 1639 546 1684 fortiter
573 1655 652 1702 pto
679 1640 736 1684 rei
763 1633 1004 1685 Catliolicae
1033 1636 1332 1686 incolumitate
1371 1639 1514 1688 calidis
1549 1641 1791 1692 hortatibus

124 1703 367 1763 animandi,
382 1701 446 1749 his
463 1720 630 1767 peccata
641 1704 712 1749 sua
723 1702 1044 1750 enuntiantibus
1061 1722 1174 1750 aures
1187 1703 1355 1762 dandae,
1372 1706 1579 1758 omnibus
1595 1708 1649 1756 ad
1663 1709 1794 1757 Clari—-

123 1767 256 1816 stian‘}
266 1768 600 1827 vinendum,aut
612 1767 887 1814 moriendum
899 1766 1080 1815 subsidia
1090 1767 1405 1815 adhibendam
1420 1772 1504 1833 qud
1518 1787 1607 1819 tam
1621 1772 1795 1837 gloriosi

122 1832 284 1881 laboris
300 1833 541 1891 are11a,cc11n
554 1851 646 1880 non
663 1834 754 1879 satis
766 1831 940 1879 feliciter
956 1832 1011 1880 ad
1023 1836 1304 1897 Neoportum
1315 1832 1514 1883 Flandtiae
1523 1856 1794 1902 pugnaretur,
1813 1843 1882 1874 ‘Pas
1890 1843 1999 1895 '‘⁶1550‘

124 1899 319 1946 fructum
347 1898 465 1946 hunc
497 1917 545 1945 ex
570 1902 618 1944 iis
645 1896 846 1946 nonnulli
870 1898 1083 1946 consecuti
1101 1899 1195 1946 sunt
1209 1898 1438 1962 Religiosae
1455 1903 1705 1953 constantiae
1723 1946 1736 1966 ,
1752 1924 1800 1956 vt
1812 1901 1998 1972 22:¹22,-

125 1968 333 2012 omnium
356 1964 478 2012 saluti
506 1966 605 2011 cum
630 1962 927 2012 incumberent
944 1962 1062 2024 ,caesi
1089 1968 1220 2011 etiam
1249 1964 1329 2029 ipsi
1351 1964 1569 2015 laboribus
1587 1971 1665 2017 siris
1699 1971 1796 2036 gloa
1813 1968 1891 2021 tibus
1902 1996 1987 2033 pra-

126 2028 348 2079 tiofislime
377 2034 713 2078 immorerentur
733 2067 742 2076 .
799 2031 921 2077 Cum
943 2033 1049 2076 inter
1074 2028 1268 2076 militum
1287 2029 1492 2079 clamores
1521 2073 1535 2093 ,
1571 2035 1999 2089 arniorumstbsfflgffl

126 2096 319 2161 strepitus
338 2136 351 2156 ,
373 2114 587 2161 equorum
613 2094 807 2142 hinnitus
829 2135 843 2155 ,
868 2094 1072 2143 tubarum
1100 2094 1315 2159 clangores
1330 2137 1344 2157 ,
1370 2095 1527 2162 insigni
1545 2104 1798 2150 animorum
1812 2090 1956 2129 acmaest.

126 2161 436 2226 tranquillitate
450 2160 710 2210 versarentur
727 2201 740 2221 ,
758 2160 809 2208 de
826 2161 910 2208 hoc
927 2180 1016 2209 vno
1035 2158 1187 2209 soliciti
1203 2201 1216 2222 ,
1243 2181 1296 2210 ne
1309 2181 1439 2227 quem
1465 2162 1657 2213 militum
1676 2167 1797 2217 sacris

127 2227 339 2292 mysteriis
372 2232 638 2292 inexpiatum
669 2227 862 2292 suprema
886 2225 1097 2275 necessitas
1134 2245 1381 2293 occuparet·
1432 2232 1601 2278 Vicistis
1642 2238 1798 2283 animae

127 2312 298 2358 magnae
313 2334 327 2354 ,
357 2297 487 2340 etiam
507 2292 607 2340 cum
634 2296 692 2339 ita
716 2296 822 2341 vieti
857 2318 867 2350 3
897 2312 1035 2357 neque
1059 2291 1243 2341 telorum
1267 2296 1493 2343 confertim
1518 2296 1798 2349 volitantium

130 2362 240 2406 iCtus
267 2357 505 2407 declinastis
524 2400 536 2419 ,
556 2377 693 2423 neque
719 2358 922 2407 caesorum
942 2358 1214 2406 exhorruistis
1233 2360 1449 2420 cadauera,
1471 2381 1609 2428 neque
1629 2364 1800 2430 sangui-

131 2443 235 2472 nem
253 2444 300 2472 ex
313 2429 361 2472 iis
381 2429 510 2472 etiam
531 2442 627 2472 tum
645 2441 896 2472 manantem
916 2451 926 2484 ·,
954 2424 1023 2472 sed
1046 2428 1121 2473 vni
1142 2423 1288 2473 alienae
1316 2425 1455 2474 salutis
1472 2447 1703 2478 momento
1734 2438 1800 2479 in-

131 2495 265 2551 tenti,
290 2491 472 2539 vestram
499 2488 844 2538 incolumitatem
872 2500 915 2539 δε
931 2495 1066 2539 vitam
1082 2491 1288 2555 intrepidii
1304 2495 1467 2556 prorsus
1489 2496 1797 2560 &inexplebili

132 2575 287 2603 omnes
313 2556 493 2604 iuuandi
521 2555 722 2603 auiditate
752 2557 982 2620 proiecistis
1003 2594 1013 2603 .
1065 2555 1227 2604 Reheti
1254 2577 1331 2605 nos
1363 2559 1507 2607 sumus
1540 2561 1593 2608 ad
1626 2564 1799 2611 sarcinas·

134 2621 406 2670 mortalitatis
425 2622 552 2669 huiu's
567 2662 579 2682 ,
598 2620 809 2688 planeque
833 2621 1038 2671 volumus
1074 2632 1084 2676 (
1110 2622 1155 2669 id
1171 2624 1291 2687 quod
1309 2625 1332 2672 a
1347 2624 1472 2673 nobis
1492 2627 1684 2692 susceptae
1701 2633 1801 2678 vitae'

134 2692 247 2735 ratio
279 2692 409 2752 exigit
438 2698 450 2748 )
477 2691 678 2736 virtutem
703 2688 891 2736 vestram
919 2707 1009 2736 non
1046 2687 1158 2735 fietis
1187 2689 1450 2755 imaginibus
1478 2692 1800 2757 adumbratam,

135 2753 205 2801 sed
222 2758 265 2800 in
284 2753 410 2802 nobis
436 2751 533 2818 ipsis
558 2753 801 2817 expressam,
831 2758 984 2801 iterum
1001 2751 1152 2801 offerre
1169 2755 1478 2820 pugnantibus,
1495 2777 1550 2805 ne
1566 2757 1800 2809 desiderent

136 2822 285 2884 Regiae
304 2824 437 2884 copiae
451 2824 495 2866 in
513 2818 641 2867 nobis
670 2838 717 2866 ea
740 2824 985 2867 animarum
1013 2818 1196 2881 subsidia
1213 2861 1226 2881 ,
1252 2840 1347 2886 quae
1364 2827 1408 2869 in
1427 2822 1551 2871 vobis
1568 2842 1688 2873 tanto
1706 2827 1801 2874 ante

135 2900 331 2949 tempore
359 2887 456 2934 sunt
468 2901 654 2950 expertae.
698 2884 903 2933 Subiicite
926 2904 1024 2950 ergo
1039 2890 1190 2933 animis
1215 2888 1368 2935 nostris
1384 2908 1452 2937 eos
1475 2893 1591 2954 ignes
1605 2929 1616 2948 ‚
1638 2891 1798 2956 quibus

136 2949 318 2999 arsistis:
345 2951 522 3016 spargite
554 2954 599 2998 in
626 2949 753 2998 nobis
782 2970 829 2998 ea
845 2951 1070 3010 incendia,
1100 2952 1259 3016 quibus
1276 2955 1408 3001 verius
1441 2957 1574 3020 quam
1602 2957 1797 3004 hostium

137 3020 265 3063 armis
293 3016 510 3081 absumpti
528 3017 620 3065 estis
641 3042 650 3074 3
684 3017 972 3081 &superstites
997 3016 1138 3064 adhuc
1151 3018 1379 3066 Buzelinos
1399 3038 1524 3087 atque
1554 3025 1798 3069 Montanos

138 3085 284 3147 Regiis
299 3081 573 3131 bellatoribus
598 3081 910 3130 exhibebimus.
940 3130 945 3133 ,

217 3152 375 3212 Neque
389 3147 648 3196 terrestribus
674 3146 843 3196 tantum
877 3151 1008 3213 copiis
1027 3147 1223 3196 iuuandis
1239 3149 1433 3200 adhibita
1459 3156 1682 3199 Sociorum
1699 3152 1800 3200 cha-
1817 3172 1930 3218 Mzffia
1945 3185 2006 3206 „ff

138 3216 260 3271 ritas,
283 3213 501 3262 descendit
528 3218 656 3262 etiam
683 3214 736 3261 ad
759 3212 928 3262 infimas
946 3212 1082 3262 sordes
1099 3214 1302 3281 faecesque
1329 3237 1376 3264 ac
1394 3219 1599 3264 sentinam
1618 3221 1798 3267 nauium
1814 3224 1905 3256 ¹⁴1³&-

140 3277 408 3340 bellicarum,
425 3297 472 3328 vt
489 3279 741 3328 hominibus
766 3279 931 3328 tametsi
964 3279 1032 3327 {ii-3
1047 3279 1269 3329 voluntate
1283 3280 1534 3328 calamitofis
1564 3281 1735 3346 semper,
1755 3294 1798 3333 ὃς

141 3348 273 3391 morti
299 3348 524 3410 proximis,
539 3365 723 3394 omnem
744 3349 790 3395 in
810 3347 954 3395 casum
987 3346 1140 3411 praesto
1158 3347 1279 3396 ess‘et.
1323 3350 1544 3411 Nauigent
1562 3345 1630 3408 alij
1664 3354 1801 3398 maria·

1657 3431 1802 3468 earum
