2321 4013
69 3170 162 3206 men

234 339 434 389 LIBER
470 340 784 388 TERTIVS.
831 337 1185 388 SOCIETAS
1222 347 1462 394 AGENS.
1583 351 1680 406 361

54 429 131 486 (ὡς
145 423 220 473 alia
234 427 333 471 imae
349 421 480 487 plebi,
496 420 577 469 alia
604 426 793 470 Patriciis
819 431 864 471 &
882 420 1177 482 Senatoribus,
1205 427 1342 489 aptius
1367 442 1685 492 proponuntur?

55 488 293 554 Numquid
309 487 488 552 apertius
501 487 555 533 de
569 487 650 534 suis
667 492 796 535 naeuis
816 497 860 536 ὃς
877 493 989 536 vitiis
1010 506 1268 536 moneantur
1284 490 1611 555 Ecclefiastici‚fi
1628 498 1688 545 se-

55 561 161 606 :creti
175 552 252 602 fint
265 552 319 601 ab
344 551 596 599 hominibus
624 554 827 616 profanis,
841 552 1018 617 quamsi
1042 551 1170 604 fimul
1192 552 1275 602 fint
1289 573 1388 603 cum
1405 563 1529 605 omni
1543 559 1688 609 homi-

55 632 168 673 lnum
180 632 322 684 genere
335 617 388 664 ad
399 615 590 664 officium
607 618 831 665 incitandi?
849 624 993 681 Qre
1003 617 1157 666 tenella
1169 636 1260 667 aetas
1273 620 1358 667 hoc
1373 628 1564 686 capacior
1580 623 1686 673 boni

55 682 330 747 .seminis‚quo
342 681 533 741 mollior,
547 684 590 728 in
609 682 700 730 suos
714 684 903 748 primum
916 700 1048 731 coetus
1065 684 1278 732 tribuitur.
1303 695 1349 733 δε
1363 691 1560 750 quamuis
1581 689 1687 737 litte-

71 769 126 798 ras
146 748 324 797 necdum
347 751 472 794 nouit
483 786 496 807 ,
516 746 570 793 lic
585 763 728 795 tamen
752 748 986 808 instruitur,
1003 767 1066 808 vt,
1082 748 1181 797 cum
1197 750 1307 798 nihil
1324 751 1450 815 possit
1466 752 1689 813 salubrius,

56 813 164 868 mihil
180 830 349 879 quoque
365 812 492 859 discat
510 812 637 875 prius,
662 813 795 877 quam
814 818 1013 862 inuocare
1031 823 1075 862 δε
1099 820 1286 863 venerari
1310 818 1365 862 M
1381 833 1412 862 A
1426 833 1458 864 R
1473 835 1489 866 1
1506 834 1538 864 A
1553 835 1611 877 M;
1645 828 1691 867 &

68 883 250 946 quamuis
272 878 412 925 adhuc
426 882 568 940 impar
583 876 633 924 fit
653 891 826 925 maturas·
843 883 1007 943 pietatis
1023 878 1198 939 officiis,
1226 880 1304 928 sub
1333 881 1602 946 Angelorum
1626 901 1691 932 ta-

0 987 2 992 .
57 963 157 994 :men
175 946 346 1008 Reginae
365 943 495 989 tutela
507 947 594 989 iam
613 960 705 990 tum
724 944 911 991 assuescit
933 948 977 991 in
994 944 1304 994 Sodalitiorum
1327 946 1459 994 veluti
1478 949 1692 998 vestibulo

57 1009 216 1064 ,versari
255 1001 604 1056 Adolescentibus
625 1016 668 1055 ὃς
685 1008 748 1056 sui
764 1009 859 1057 sunt
877 1027 1128 1071 conuentus,
1149 1009 1221 1059 vbi
1238 1029 1317 1074 pro
1331 1011 1407 1058 suo
1420 1029 1544 1077 captu
1557 1017 1691 1062 virtu-

57 1074 169 1124 ‘tibus
181 1073 439 1121 imbuantur.
465 1070 555 1120 Vbi
571 1086 630 1119 res
649 1074 744 1134 fert,
760 1074 1086 1124 amantnobiles
1111 1084 1154 1123 &
1178 1080 1256 1125 viri
1280 1080 1466 1141 primarij
1496 1096 1586 1125 non
1604 1084 1692 1127 mi-

57 1139 156 1207 ‚sceri
178 1156 274 1186 cum
300 1136 528 1200 opificibus
560 1146 604 1185 ὃς
634 1137 834 1202 plebeiis:
864 1150 907 1188 &
936 1145 1097 1190 nautici
1131 1142 1329 1189 homines
1355 1159 1486 1207 atque
1513 1142 1691 1207 piscato-

0 1229 5 1254 :
57 1204 190 1264 messui
205 1202 410 1251 fimilibus
429 1203 627 1267 gaudent.
649 1205 798 1270 Qid,
813 1206 934 1269 quod
950 1206 1164 1268 militum,
1190 1207 1429 1272 quidquod
1444 1209 1691 1273 agrestium,

70 1268 165 1335 quid
178 1269 291 1333 quod
307 1274 519 1332 remigum
532 1269 925 1336 damnatorumque
938 1271 990 1319 ad
1004 1275 1205 1330 triremes,
1223 1281 1267 1320 &
1284 1273 1637 1322 mendicabuloru
1645 1295 1690 1323 m

58 1338 173 1382 'initae
184 1333 260 1381 fint
272 1333 348 1382 sub
361 1335 509 1383 MARI
520 1351 577 1381 ΑΕ
593 1339 773 1382 nomine
788 1340 1056 1384 Societatem&
1068 1338 1226 1402 quibus
1244 1336 1313 1402 spe
1327 1341 1510 1386 maiores
1524 1340 1689 1388 fructus

58 1398 198 1448 relati:
216 1416 358 1464 vtpote
381 1414 567 1464 quorum
588 1398 779 1465 pluribus
797 1402 907 1450 nihil
924 1400 1039 1449 aliud
1049 1402 1104 1449 ad
1117 1401 1372 1467 probitatem
1385 1402 1534 1463 defuit,
1552 1405 1690 1470 quarti

0 1488 5 1492 ··
58 1463 217 1517 {cultura
235 1472 278 1512 &
290 1469 401 1512 recta
415 1465 641 1513 institutio.
675 1465 897 1515 Omnibus
915 1467 1111 1531 profecto
1129 1468 1211 1516 hoc
1238 1467 1534 1518 misericordia:
1554 1479 1598 1518 &
1616 1470 1691 1518 be-

0 1575 7 1579 .
59 1533 267 1594 {nignitatis
286 1533 491 1578 Marianae
508 1531 671 1596 asylum
691 1548 829 1595 patet3
849 1541 892 1580 ὃς
909 1533 999 1579 liaec
1016 1533 1223 1595 clientum
1244 1538 1331 1581 eius
1349 1539 1518 1583 varietas
1541 1539 1693 1583 iucun-

0 1617 2 1622 ’
59 1587 269 1656 fdiflimum
300 1599 474 1660 Virgini
497 1596 656 1661 praebet
675 1597 979 1662 spe6kaculuin.
1019 1599 1149 1646 Certe
1173 1591 1259 1646 sine
1293 1599 1373 1646 hac
1405 1600 1692 1665 inaequalitate

0 1685 3 1710 1
60 1676 360 1721 gconuentuum‚
373 1679 463 1710 non
478 1662 609 1725 posset
625 1662 798 1727 aequalis
813 1668 1030 1728 procurari
1047 1667 1293 1712 animarum
1307 1663 1487 1723 vtilitas3
1505 1683 1693 1729 quarum

0 1751 9 1773 π
60 1726 202 1786 {tamen
221 1727 378 1791 aequale
396 1728 455 1775 est
478 1732 680 1791 pretium,
700 1736 743 1775 ὃς
757 1728 928 1792 aequalis
945 1728 1060 1792 apud
1076 1732 1242 1776 Diuam
1258 1728 1496 1776 aestimatio.
1537 1732 1695 1794 Neque

0 1816 9 1822 >·
60 1791 162 1852 ivero
178 1790 456 1840 Sodalitatum
476 1794 627 1840 harum
643 1792 858 1856 splendori
874 1795 1118 1858 quidquam
1135 1793 1271 1842 officit
1289 1794 1523 1843 hominum
1537 1793 1694 1860 quibus

0 1885 10 1908 ⁷:
60 1856 314 1922 gquandoque
336 1859 534 1907 constant
557 1857 807 1924 ignobilitas
822 1868 865 1907 &
882 1858 1131 1909 obscuritas,
1172 1861 1369 1907 Tantum
1387 1865 1502 1908 enim
1522 1859 1625 1907 lucis
1643 1864 1692 1908 iis
1712 1877 1862 1924 Dignitas

4 1949 11 1976 ·.
60 1918 240 1976 {affundit
258 1922 442 1971 Ptaesidis
467 1927 594 1970 Diuae
615 1924 808 1972 maiestas
823 1964 835 1984 ‚
852 1936 898 1974 vt
922 1933 965 1972 &
989 1928 1118 1989 primi
1140 1921 1330 1973 Ecclefiae
1372 1929 1562 1974 Proceres
1592 1936 1690 1991 pur·
1712 1926 1884 1959 Sodalisaa

0 2013 3 2039 ἱ
61 2003 175 2052 purae
190 1986 267 2035 suae
279 1988 497 2049 acinfulis;
514 1989 780 2054 populorum
802 1993 1006 2048 Domini,
1020 1994 1297 2054 Imperatores
1315 1998 1356 2037 &
1371 1993 1509 2056 Reges
1527 1990 1692 2056 sceptris
1712 1983 1792 2009 'um'

0 2079 13 2105 2<
61 2051 143 2100 ‘suis
155 2071 198 2100 ac
209 2053 457 2102 diadematis
480 2073 570 2102 non
587 2056 722 2103 modo
739 2055 851 2103 nihil
866 2055 1063 2103 decedere
1075 2093 1089 2113 ‚
1108 2054 1176 2103 sed
1190 2055 1403 2103 honorem
1419 2057 1557 2122 potius
1574 2076 1621 2104 ac
1633 2075 1694 2104 re-

1 2146 13 2172 t:
55 2114 287 2173 luerentiam
312 2119 365 2167 ab
381 2121 445 2167 his
462 2120 654 2168 accedere
667 2161 680 2181 ‚
700 2121 815 2169 haud
830 2121 1052 2169 immerito
1069 2121 1227 2186 semper
1243 2121 1600 2169 existimauerim:
1621 2141 1695 2170 ne-

11 2217 13 2220 .
62 2199 147 2246 3que
167 2201 232 2230 eos
255 2186 407 2248 puduit
423 2186 492 2233 sua
506 2191 687 2233 nomina
705 2190 748 2233 in
761 2187 878 2234 idem
890 2185 1041 2234 album
1059 2204 1160 2235 cum
1179 2185 1356 2251 plebeiis
1374 2186 1535 2247 dare,&
1552 2188 1692 2237 eidem

0 2253 14 2304 ᾗ·
63 2264 140 2311 ¹pro
151 2251 331 2314 Virginis
353 2251 519 2299 honore
536 2251 699 2299 militiae
723 2251 914 2300 adscribi.
940 2251 1225 2299 Ferdinandus
1240 2254 1303 2298 II.
1326 2252 1489 2313 Caesar,
1508 2256 1583 2317 qui
1599 2270 1692 2302 raro
1712 2275 1899 2310 ferdinan-

74 2330 171 2360 nexu
196 2313 412 2365 summum
440 2321 672 2381 imperium
703 2336 803 2365 cum
828 2316 996 2364 summa
1018 2321 1171 2367 virtute
1191 2321 1414 2365 coniunxit
1431 2358 1443 2378 ,
1466 2317 1692 2383 augustum
1712 2325 1749 2359 di
1764 2328 1897 2373 Ιῐιρὲεὲ

0 2410 15 2440 3:-
63 2374 165 2426 =illud
178 2395 333 2428 nomen
350 2381 470 2429 suum
488 2387 611 2430 variis
627 2381 727 2430 locis
742 2382 1006 2448 coetibusq'ue
1022 2387 1067 2430 in
1094 2383 1341 2431 Parthenios
1360 2383 1528 2431 Sodales
1555 2385 1694 2433 referri
1714 2385 1774 2409 'as'

3 2476 14 2488 ..
64 2449 234 2499 {curauitz
268 2464 406 2512 neque
433 2447 641 2496 caelestem
660 2447 779 2495 illam
793 2451 1111 2513 Imperatricem
1129 2447 1206 2496 fibi
1221 2447 1388 2495 tantum
1401 2453 1445 2496 in
1463 2452 1694 2499 Patronam

3 2540 7 2560 ·,
64 2506 294 2574 adoptauit,
308 2512 375 2560 sed
389 2517 514 2562 etiam
531 2517 793 2561 exercituum
810 2513 835 2560 s
829 2532 986 2561 uorum
1001 2533 1048 2561 ac
1059 2513 1222 2560 ducum
1235 2517 1404 2560 Ducem
1430 2519 1690 2564 nominauit.

64 2574 149 2628 reius
164 2575 346 2639 auspiciis
364 2595 452 2626 ram
476 2577 650 2626 feliciter
671 2584 794 2640 toties
813 2584 1048 2644 pugnauit,
1082 2596 1130 2626 vt
1143 2577 1209 2626 vel
1234 2577 1331 2626 ideo
1348 2578 1479 2627 hostis
1503 2583 1540 2626 ei
1564 2597 1695 2628 num-

2 2680 12 2701 3
65 2654 192 2748 quam
219 2639 388 2692 defuiffe
413 2638 631 2705 videatur,
657 2663 710 2692 ne
733 2643 884 2693 deesset
907 2648 1083 2691 materia
1106 2642 1445 2707 triumphorum.
1483 2649 1605 2692 Stetit
1625 2642 1695 2693 ille

0 2742 16 2750 ..
66 2719 221 2769 gemper
234 2709 434 2769 inuidffls,
451 2710 568 2757 Diua
585 2709 783 2758 clientem
792 2710 915 2758 suum
931 2718 973 2756 &
989 2708 1170 2756 caussam
1185 2724 1342 2767 tuente3
1358 2707 1523 2757 tametsi
1539 2714 1583 2757 in
1596 2710 1694 2759 nul-

0 2807 15 2816 ,
56 2763 144 2825 flius
153 2789 355 2837 vmquam
370 2778 573 2839 Principis
590 2773 854 2823 euersionem
876 2791 948 2822 aut
964 2779 1125 2822 maiore
1144 2772 1401 2832 molimine,
1427 2792 1500 2823 aut
1525 2775 1694 2824 diutur-

0 2873 15 2900 4,
73 2835 178 2882 niore
191 2841 437 2901 pertinacia,
455 2858 527 2888 aut
550 2839 574 2888 a
590 2839 783 2905 pluribus
809 2839 1108 2905 conspiratum
1135 2837 1184 2887 sit
1202 2848 1245 2887 &
1274 2857 1529 2904 pugnatum.
1557 2841 1693 2889 Perdi-

0 2895 17 2964 25
67 2899 224 2962 ,naudus
239 2922 409 2970 quoque
429 2908 522 2952 111.
541 2911 616 2970 qui
632 2904 784 2952 Caesari
801 2909 961 2972 parenti
977 2923 1067 2953 non
1096 2905 1236 2952 minus
1265 2908 1309 2952 in
1337 2911 1511 2955 virtutes
1526 2946 1540 2967 ‚
1557 2908 1690 2970 quam
1714 2934 1899 2968 ferdinans

0 2965 16 3029 {J
68 2963 292 3028 Imperium
311 2978 353 3017 &
370 2974 520 3033 Regna
535 2968 732 3024 successit,
746 2971 955 3019 clientum
985 2973 1184 3034 Dciparae
1210 2987 1392 3019 numero
1408 2990 1496 3019 non
1521 2972 1688 3020 tantum
1713 2982 1750 3015 di
1770 2985 1863 3037 III..

68 3027 234 3096 adiungi
247 3033 411 3094 voluit,
429 3035 596 3084 sedhoc
612 3036 702 3100 ipso
719 3035 1017 3092 iubileinostri
1033 3054 1149 3084 anno
1177 3039 1220 3083 in
1246 3036 1474 3098 purificatae
1500 3040 1690 3101 Virginis
1711 3032 1899 3111 ’ἷῖέεὲἓό

75 3097 282 3209 Ρεωίῗίίίσ
297 3104 339 3148 in
355 3101 595 3149 Sodalitatis
612 3101 883 3150 Louanienfis
906 3100 1094 3162 tabulas,
1108 3120 1211 3166 quas
1235 3100 1314 3149 fibi
1331 3107 1446 3150 mitti
1462 3101 1596 3159 iuffir,
1612 3114 1692 3148 no-
1709 3088 1774 3159 sas.
1828 3087 1850 3126 p

193 3180 297 3211 uum
308 3183 443 3231 nuper
456 3167 541 3231 ipse
557 3165 713 3228 retulit,
732 3168 904 3215 adiecto
920 3167 1123 3232 symbolo
1135 3166 1211 3214 illo
1225 3166 1313 3214 suo:
1332 3180 1356 3216 P
1371 3183 1387 3216 1
1400 3185 1426 3215 E
1440 3184 1469 3215 T
1484 3184 1515 3214 A
1528 3184 1556 3213 T
1573 3184 1596 3212 E
1624 3183 1649 3212 E
1661 3184 1691 3215 T

3 3228 10 3288 [x
76 3236 130 3270 1v
143 3242 161 3271 s
174 3241 202 3272 T
216 3244 232 3273 1
246 3245 275 3276 T
289 3246 306 3277 1
322 3247 367 3278 A.
394 3235 445 3279 Et
459 3233 652 3295 profesto
664 3239 863 3297 pietatem
878 3234 1054 3280 Caesaris
1071 3232 1237 3281 videbit
1260 3232 1332 3280 hic
1348 3237 1490 3280 omnis
1517 3231 1693 3295 posteri-

0 3293 17 3344 ᾖ
69 3298 144 3348 gtaS,
155 3290 293 3340 iisdem
312 3297 468 3358 quibus
491 3298 719 3361 augustum
741 3297 849 3346 illud
863 3316 1024 3346 nomen
1041 3297 1186 3345 litteris
1212 3296 1303 3344 satis
1321 3296 1564 3360 expressam:
1586 3313 1694 3361 quot

0 3356 17 3411 {J
71 3356 180 3409 ‚enim
199 3362 329 3421 apices
353 3360 377 3408 a
398 3361 629 3425 sceptriferi}
649 3362 722 3410 illa
745 3382 875 3411 manu
899 3381 1037 3412 cernet
1064 3379 1249 3410 exaratos
1266 3399 1279 3418 ‚
1307 3361 1487 3408 totidem
1512 3361 1550 3407 se
1572 3379 1695 3409 notas

1 3422 13 3474 ζ’,
71 3426 341 3476 ;venerati01iis
357 3426 494 3475 credet
508 3431 660 3475 intueri
676 3468 689 3489 ‚
712 3429 870 3493 quibus
890 3429 1131 3477 Parthenias
1159 3430 1529 3491 Congregationes
1556 3425 1697 3473 Caesar

71 3513 74 3540 ι
1157 3493 1244 3539 Zz
1639 3491 1702 3538 es}
