2326 4080
553 335 625 386 30
728 369 730 371 .
787 329 1964 374 IMAGOPRIMISAECVLISOC.1ESV.

548 418 715 468 paratu,
732 403 940 467 imperis-fi,
958 401 1180 466 splendore
1198 406 1351 450 Romae
1365 400 1620 462 celebratus,
1645 417 1855 465 quantum
1882 416 2019 464 neque
2046 415 2193 463 optare

548 486 627 532 pro
641 469 710 515 sua
737 469 949 515 modestis
963 473 1143 515 Societas
1158 468 1467 531 debuit,neque
1479 484 1630 530 augere
1649 465 1969 529 propemodum
1987 467 2192 513 Patronus

549 533 966 582 111umficentiffi1m1s
984 551 1060 596 pro
1078 537 1213 581 animi
1242 534 1300 579 sui
1326 534 1624 596 magnitudine
1647 534 1799 594 potuit.
1839 533 1880 576 A
1897 529 2051 590 vestro,
2067 532 2193 577 Mar-

549 614 674 659 tyres,
692 600 906 662 auspicio,
927 597 1078 654 tutela,
1109 597 1258 662 glori-3,
1279 616 1383 659 ope,
1403 601 1611 644 maiorem
1633 595 1860 642 claritatem
1881 610 2099 642 mutuatur
2123 595 2193 644 hic

549 666 715 727 Superis
732 663 1070 728 hominibusque
1097 660 1421 710 iucundissimus
1447 661 1562 721 dies,
1584 661 1716 725 quaim
1748 661 1802 706 ab
1820 659 1943 706 'astris
1972 660 2193 719 omnibus,

550 729 723 793 ipsaque
738 727 844 776 adeo
861 728 1062 776 solarium
1087 728 1303 774 maiestate
1321 727 1538 774 radiorum
1559 746 1606 773 ac
1623 726 1731 773 luce.
1752 723 1934 772 Valeant
1958 724 2195 790 astrologo-

551 810 647 840 rum
669 793 967 842 deliramenta:
1000 792 1240 839 derideatur
1268 796 1392 840 inane
1421 793 1633 841 astrorum
1663 794 1919 853 imperium:
1943 807 2196 854 rumpantur

552 857 767 906 stellarum
795 863 1044 907 coeuntium
1070 876 1214 910 nexus.
1252 861 1363 917 Vos,
1382 877 1474 918 vos,
1492 856 1701 904 natalium
1726 854 1969 901 nostrorum
1998 854 2200 904 Praesides·

554 924 824 988 agnoscimus
843 943 891 970 ac
904 942 1167 979 veneramur3
1184 941 1272 969 non
1290 921 1436 970 stellas.
1475 927 1663 969 Virtutes
1680 920 1840 977 vestrae,
1859 918 2075 984 exempla,
2095 922 2198 969 faci-

554 1007 660 1036 nora
675 990 807 1037 vestra
823 1009 899 1038 nos
915 988 1095 1036 sanetius
1113 987 1320 1047 afficiunt,
1340 987 1585 1035 clementius
1603 1001 1751 1049 vrgent
1763 1022 1777 1041 ‚
1800 983 1987 1034 velocius
2005 985 2197 1047 trahunt,

553 1054 687 1118 quam
702 1058 848 1101 omnis
860 1053 1142 1101 illefatidicus
1158 1052 1269 1099 ordo
1281 1093 1293 1112 ,
1315 1062 1358 1099 δε
1372 1052 1648 1099 adamantina
1672 1066 1816 1097 catena
1832 1048 2048 1097 caelorum.
2077 1052 2197 1100 Cum

552 1123 669 1166 enim
689 1121 847 1167 fueritis
876 1129 918 1166 ὃς
937 1120 1223 1165 humanarum
1249 1115 1549 1164 infirmitatum
1570 1114 1803 1180 peritissimi
1829 1115 2022 1173 Medici,
2045 1125 2087 1164 &
2105 1134 2201 1181 gra-

555 1187 650 1231 tuiti
674 1182 987 1231 beneficiorum
1016 1186 1174 1247 generis
1204 1186 1346 1229 omnis
1373 1182 1585 1245 largitores
1605 1220 1619 1240 ,
1651 1189 1695 1228 &
1723 1185 1918 1245 germani
1947 1185 2198 1230 animorum

555 1249 872 1297 consociatione
887 1247 991 1295 mire
1005 1246 1253 1305 concordes,
1273 1256 1316 1294 &
1333 1246 1547 1294 fortiffimi
1561 1249 1823 1294 cruciatuum
1853 1264 1932 1310 pro
1959 1249 2201 1295 CHRISTO

555 1312 830 1361 toleratorum
845 1317 1026 1361 victores
1044 1331 1093 1359 ac
1110 1314 1337 1377 Martyres3
1355 1331 1403 1359 ex
1421 1312 1575 1359 harum
1593 1310 1956 1375 contemplatione
1973 1316 2202 1374 virtutum,

556 1394 783 1442 tamquam
809 1377 1037 1425 caelestium
1057 1375 1281 1442 signorum
1294 1381 1450 1424 intuitu
1467 1416 1480 1437 ,
1498 1377 1794 1440 horoscopum
1819 1381 2033 1425 Societatis
2060 1378 2201 1426 confi-

555 1447 641 1503 cio,
661 1452 704 1491 &
721 1442 1057 1507 quodammodo
1071 1445 1323 1507 augurando
1342 1448 1600 1506 pronuntio,
1619 1442 1643 1490 a
1659 1447 1805 1506 vigore
1825 1450 1868 1489 ὃς
1884 1442 2125 1491 efficacitate
2138 1443 2206 1492 di-

555 1512 648 1554 uini
665 1506 847 1562 influxus
871 1509 1025 1568 vestri,
1041 1512 1254 1555 Societatis
1284 1504 1534 1555 hominibus
1559 1525 1700 1572 neque
1725 1511 1769 1553 in
1788 1507 1983 1555 sanandis
2000 1506 2202 1556 laboran-

556 1576 664 1620 tium
687 1578 843 1622 animis
873 1574 1139 1637 diligentiam
1155 1612 1168 1633 ,
1195 1590 1333 1637 neque
1354 1577 1588 1637 gratuitum
1615 1577 1660 1620 in
1683 1573 1927 1620 ministeriis
1954 1573 2203 1623 exhibendis

554 1638 811 1703 obsequium
828 1679 841 1700 ,
858 1658 997 1703 neque
1023 1643 1066 1685 in
1085 1637 1318 1685 domestic-3„
1336 1637 1496 1685 mend-91
1517 1639 1771 1686 fraternitate
1796 1639 2074 1686 concordiam
2094 1679 2107 1699 ,
2126 1657 2205 1687 nec

555 1706 600 1750 in
618 1704 811 1767 periculis
832 1708 915 1751 Dei
939 1703 1259 1768 hominumque
1284 1703 1425 1751 caussa
1452 1701 1679 1751 subeundis
1694 1740 1706 1760 ‚
1731 1720 1802 1751 aut
1825 1707 2024 1750 aerumnis
2048 1703 2205 1754 labori—

533 1803 537 1806 ·
556 1767 722 1835 busque
741 1770 993 1832 perferendis
1007 1809 1020 1829 ,
1034 1771 1229 1817 animum
1248 1785 1374 1833 atque
1392 1768 1678 1816 constantiam
1703 1768 1960 1816 defuturam.
1993 1773 2104 1832 Qae
2123 1767 2205 1817 sin-

346 1846 496 1894 vtstellae.
557 1833 656 1898 gula
674 1852 719 1882 vt
737 1835 760 1885 a
775 1833 919 1893 vobiS,
935 1851 1160 1897 tamquam
1180 1831 1304 1886 stellis
1322 1833 1784 1897 genitalibus,nascenti
1805 1836 2203 1899 Societatiimpreffa

557 1899 634 1947 esse
650 1900 892 1958 ostendam,
910 1900 1021 1963 prius
1037 1899 1122 1945 hoc
1137 1899 1524 1947 demonstrandum
1539 1898 1720 1958 videtur,
1738 1917 1813 1947 vos
1833 1898 1951 1946 fuisse
1961 1899 2143 1964 semper,
2159 1909 2204 1949 &

559 1966 635 2012 esse
652 1964 787 2013 stellas
810 1966 1007 2016 humano
1033 1967 1176 2028 generi
1199 1964 1388 2018 maxime
1406 1968 1609 2028 propitias
1627 1983 1676 2011 ac
1692 1963 1899 2012 salutares.
1939 1967 1989 2012 In
2012 1984 2103 2030 quo
2121 1966 2207 2014 sex-

351 2056 461 2084 Mem
559 2047 783 2083 centorum
799 2031 859 2078 est
872 2030 983 2078 mihi
997 2031 1169 2077 testium
1185 2028 1311 2076 instar
1329 2031 1521 2078 vniuerla
1537 2032 1786 2077 Graecorum
1803 2070 1816 2090 ,
1843 2029 1959 2094 apud
1973 2049 2080 2094 quos
2096 2036 2205 2080 vixi-

350 2097 508 2167 f’ffissjffing
560 2095 648 2156 stis,
666 2094 904 2154 laborastis,
923 2104 966 2143 ὅς
984 2093 1258 2158 triumphum
1276 2095 1490 2148 consecuti
1504 2094 1615 2154 estis,
1631 2093 1827 2143 Ecclefia2.
1846 2114 1939 2159 quae
1956 2113 2063 2160 quot
2078 2095 2205 2145 versi-

352 2153 379 2199 τ’·
393 2153 531 2200 Νῡᾶειῐώ-
563 2159 639 2209 bus
663 2162 893 2210 vestrarum
912 2161 1090 2208 laudum
1108 2158 1423 2207 modulationes
1442 2160 1654 2217 decantat,
1673 2161 1854 2208 totidem
1873 2161 2126 2208 testimoniis
2143 2162 2206 2210 as·-

558 2226 786 2279 seueratac
812 2227 1034 2292 praedicat,
1064 2242 1140 2272 vos
1178 2225 1254 2272 effe
1294 2223 1518 2272 clarissima
1558 2227 1714 2273 mundi
1740 2225 1892 2284 fidera;
1930 2245 2006 2274 vos
2034 2227 2088 2275 ab
2112 2229 2206 2291 ipso

559 2295 797 2340 CHarsTo
824 2309 1049 2357 tamquam
1076 2293 1302 2337 inerrantes
1331 2288 1463 2338 stellas
1490 2309 1627 2338 rerum
1655 2289 1915 2341 vniuerfitati
1939 2292 2207 2341 demonstra-

558 2371 623 2404 tos
639 2384 649 2416 3
667 2376 743 2406 vos
764 2358 949 2405 lucernas
969 2356 1091 2404 radiis
1109 2355 1417 2404 miraculorum
1443 2361 1671 2404 emicantes
1688 2383 1699 2415 3
1715 2375 1792 2407 vos
1816 2355 1950 2405 veluti
1974 2358 2201 2421 conspicua

557 2420 788 2469 luminaria
802 2422 891 2470 duo
908 2423 1004 2472 orbi
1021 2426 1227 2469 terrarum
1245 2419 1465 2482 affulgere,
1483 2431 1528 2470 &
1545 2423 1914 2487 perturbationum
1930 2421 2107 2470 nebulas
2127 2423 2206 2470 fer-

558 2505 661 2534 uore
678 2485 779 2535 fidei
803 2489 949 2537 vestrae
965 2486 1084 2535 nullo
1100 2491 1277 2551 negotio
1296 2486 1513 2550 dissipare3
1529 2507 1605 2536 vos
1623 2487 1733 2535 luces
1759 2488 1965 2535 diuinitus
1985 2487 2205 2541 coruscan-

559 2568 617 2599 tes
633 2553 883 2601 venerabilis
903 2552 1094 2601 Ecclefiae
1112 2552 1264 2600 ca’lum
1293 2553 1480 2600 claritate
1498 2554 1631 2601 vestra
1648 2552 1991 2603 circumfundere
2003 2591 2016 2612 ,
2043 2561 2086 2600 ἅτ
2103 2552 2208 2601 luci-

559 2617 776 2665 diffimam
793 2617 1072 2683 caligantibus
1087 2617 1250 2681 vbique
1267 2618 1405 2665 facem
1424 2620 1725 2682 pi‘aeferre3v0s
1745 2617 1931 2682 denique
1956 2619 2032 2665 efl'e
2048 2618 2210 2682 [μεθίει-

560 2681 645 2730 bile
660 2702 733 2747 pat
758 2684 984 2744 astrorum,
1013 2702 1111 2730 cum
1128 2700 1233 2730 verae
1250 2682 1350 2729 lueis
1369 2700 1537 2746 parente
1550 2683 1697 2737 aurora
1712 2687 1993 2730 exorientium
2012 2723 2024 2743 ,
2049 2686 2093 2729 in
2110 2688 2209 2749 qui-

561 2745 656 2808 bus,
671 2766 896 2812 tamquam
917 2754 959 2796 in
978 2747 1320 2812 splendidiffimis
1335 2747 1566 2795 domiciliis
1582 2788 1594 2808 ,
1613 2748 1756 2811 fulgor
1770 2752 1955 2795 materiae
1967 2766 2109 2812 expers
2133 2749 2210 2798 ha-

561 2810 680 2869 bitet,
693 2833 741 2860 ac
755 2813 962 2862 laetissime
981 2829 1251 2878 propagetur.
1281 2817 1384 2860 Haec
1401 2814 1454 2859 de
1471 2810 1595 2862 vobis
1615 2819 1763 2861 Graeca
1781 2818 1893 2860 canit
1910 2811 2107 2873 Ecclesia,
2129 2832 2211 2861 nu-

559 2881 687 2925 meris
706 2895 796 2926 tam
822 2877 1092 2926 effluentibus
1118 2877 1253 2942 quam
1270 2879 1426 2926 festinis
1444 2902 1455 2935 3
1478 2896 1665 2942 quorum
1684 2877 1781 2926 licet
1798 2878 1928 2942 paulo
1945 2877 2122 2930 solutior
2140 2897 2207 2927 ro.-

560 2944 774 3003 tunditas,
803 2941 1008 2991 delectare
1028 2961 1169 2995 tamen
1196 2941 1493 2990 fine'satietate
1519 2962 1596 2990 nos
1621 2943 1773 3007 potest.
1866 2944 1989 2991 nibus
2021 2943 2208 3007 perbelle

560 3007 646 3055 hoc
675 3007 817 3068 elogio
842 3011 1032 3056 Andreas
1057 3012 1216 3071 'Pyrus,
1243 3008 1419 3071 scriptor
1446 3025 1619 3072 quoque
1641 3013 1838 3068 Graecus,
1860 3008 2105 3073 applaudit:
2131 3017 2212 3056 Ho-

558 3073 686 3120 dierno
711 3074 772 3125 die
782 3074 916 3137 strena
929 3090 1046 3139 atque
1062 3076 1216 3134 illustris
1232 3088 1406 3119 exoritur
1412 3088 1621 3139 pauperum
1648 3076 1873 3121 CHRISTI
1899 3078 2207 3133 commemoratio,

500 3142 503 3143 ⁷
560 3139 761 3205 clariffimis
777 3139 1042 3186 miraculorum
1057 3136 1281 3202 fulgoribus
1298 3138 1583 3210 vsgyuoquaque
1599 3138 1854 3203 refflendens.
1875 3141 1993 3185 ‘Nec
2015 3138 2075 3186 est
2090 3136 2213 3203 quod

559 3221 750 3259 vereatur
767 3205 992 3268 quisquam
1012 3221 1084 3250 aut
1106 3202 1299 3262 aestimet,
1329 3206 1540 3249 euanuille
1566 3207 1652 3249 iam
1674 3202 1839 3265 pridem
1858 3201 1950 3249 haec
1975 3202 2120 3262 fidera;
2147 3213 2210 3264 &,

560 3269 843 3333 posteaquam
870 3267 972 3316 ezelo
997 3269 1071 3316 suo
1101 3267 1144 3314 hi
1174 3270 1284 3312 ciues
1304 3270 1458 3330 recepti
1476 3266 1593 3326 sunt,
1623 3267 1904 3315 consortionis
1931 3284 2103 3315 terrenae
2120 3286 2212 3331 per-

560 3334 696 3395 taesos,
715 3343 759 3381 &
777 3334 1028 3382 mortalium
1049 3336 1315 3396 impatientes
1333 3330 1562 3378 oculorum
1579 3372 1590 3392 ,
1615 3331 1736 3379 rebus
1755 3332 1906 3378 nostris
1923 3351 2012 3379 non
2027 3333 2210 3397 amplius

565 3400 767 3447 interess‘e.
799 3403 978 3454 Viuunt
989 3403 1105 3455 enim
1119 3435 1134 3454 ,
1151 3415 1199 3444 ac
1217 3394 1383 3459 fulgent
1409 3403 1421 3452 (
1437 3397 1558 3462 quod
1581 3398 1750 3445 iustitiae
1766 3398 2036 3447 Do&oribus
2052 3397 2210 3446 Daniel

2080 3467 2209 3511 Vates
