2321 4013
289 257 451 305 LIBER
487 261 713 306 SEXTVS.
753 261 1034 306 SOCIETAS
1077 261 1652 316 FLANDRo-BELGICA.
1716 269 1814 327 871

148 335 263 381 tiasse
278 374 291 394 ‚
317 352 503 384 mortem
523 336 615 402 ipso
632 342 860 388 CHR18T1
880 338 1030 388 Natali
1045 341 1069 389 a
1087 342 1265 390 meridie
1287 344 1593 408 oppetendam.
1614 348 1819 397 Narranti

146 396 252 447 fides
270 401 424 449 timide
450 398 625 465 habita,
654 423 824 471 propter
841 410 932 455 vim
964 406 1133 466 morbi,
1164 407 1263 456 curn
1287 426 1420 457 nemo
1444 410 1623 474 speraret
1641 411 1694 458 ad
1717 432 1818 463 eum

145 463 261 513 diem
283 467 445 514 extrahi
459 469 576 532 porse
590 475 743 519 vitam.
770 473 968 519 Extraeta
982 473 1041 520 est
1058 489 1219 535 tamen,
1237 493 1284 522 ac
1301 492 1405 523 tunc
1419 479 1555 540 magis
1571 476 1624 523 de
1637 475 1716 526 vifi
1733 477 1819 525 fide

144 528 410 593 dubitatum,
432 533 532 582 cum
547 537 684 584 caussa
700 542 853 585 mortis
875 555 993 585 noua
1009 538 1130 588 nulla
1161 557 1390 605 appareret.
1417 542 1479 589 At
1494 540 1566 589 ille
1590 541 1821 591 nihilomi-

143 594 240 656 nus,
254 596 380 660 plane
398 603 461 648 vti
479 602 740 665 praedixerat,
767 604 863 668 post
881 603 1127 664 meridiem,
1145 606 1293 654 leniter
1306 625 1379 654 ore
1393 607 1626 669 subridens,
1646 613 1720 657 vix
1736 609 1820 657 fin-

44 709 46 717 ,
140 660 267 725 gultu
285 665 417 725 edito,
431 666 617 714 vinculis
642 668 803 716 solutus
822 670 882 718 est
898 674 1107 731 corporis.
1148 675 1263 719 Inter
1290 689 1424 720 cetera
1447 690 1610 721 aeternae
1637 674 1820 723 felicita-

44 734 45 737 ’
115 730 193 779 ,τίς
218 728 378 777 indicia
412 730 612 780 habitum
632 734 717 795 est,
739 734 928 800 Collegij
956 734 1129 800 Regalis
1156 738 1371 785 continuo
1391 738 1487 802 post
1517 743 1603 785 eius
1631 759 1820 789 mortem

141 791 254 840 faeta
280 811 339 841 res
363 795 530 845 melior.
566 801 691 846 Nam
717 805 958 866 migraturo
990 803 1126 848 Patres
1152 807 1345 850 certatim
1372 803 1511 851 multa
1537 807 1823 854 commenda-

138 875 247 919 rant,
266 879 361 924 quae
386 879 433 910 vt
457 861 590 911 alacer
613 883 851 929 acceperat,
877 870 937 913 ita
968 863 1150 914 fideliter
1167 867 1406 927 exsecutUS,
1432 867 1493 915 sui
1520 869 1706 936 Collegij
1728 890 1820 920 me-

138 941 240 971 mor
254 925 372 974 haud
398 927 533 977 dubie
551 929 809 979 credebatur.

202 991 265 1038 At
290 990 323 1039 si
346 1011 477 1058 quem
496 999 638 1044 virum
666 996 848 1062 Belgam
866 992 1093 1056 illustrem,
1114 994 1252 1062 deduc
1271 997 1366 1061 ipso
1383 996 1699 1048 benemeritum
1720 1000 1817 1047 Bel-
1845 1018 2014 1053 Adrianus

135 1057 232 1119 giO,
245 1056 498 1119 habuimus;
516 1065 549 1108 is
560 1063 757 1126 profesto
774 1065 834 1112 est
848 1064 1066 1112 Adrianus
1088 1062 1295 1120 Adriani,
1315 1062 1454 1111 domo
1477 1065 1816 1129 Antuerpienfis,
1845 1067 2023 1108 eAdriam,

136 1120 192 1168 de
213 1141 306 1188 quo
322 1141 415 1172 non
433 1143 570 1190 pauca
593 1132 738 1192 primo
762 1126 890 1178 huius
908 1131 1027 1179 Libri
1044 1132 1201 1194 Capite
1228 1147 1578 1177 commemorata
1596 1130 1703 1178 sunt.
1744 1132 1819 1180 Ad

132 1189 390 1240 Societatem
412 1192 652 1241 ineundam
670 1200 832 1258 praeuia
849 1196 1070 1244 Vishauaei
1085 1195 1242 1243 duxere
1267 1194 1458 1259 vestigia.
1498 1199 1610 1243 Eum
1626 1200 1818 1261 Ignatius

88 1263 96 1271 ⁴
131 1253 210 1301 vbi
236 1260 510 1318 perttaCtauit
528 1261 716 1320 Romae,
746 1261 893 1325 postea
920 1266 1029 1309 inter
1060 1264 1207 1308 Socios
1234 1260 1456 1325 Angelum
1481 1280 1572 1309 non
1599 1263 1818 1311 dubitauit

131 1324 389 1383 nominare,
419 1341 598 1371 morum
627 1323 826 1391 alioquin
860 1332 1091 1375 acerrimus
1115 1325 1284 1374 censor.
1331 1326 1572 1375 Difficilem
1606 1328 1819 1393 periculo-

133 1382 309 1451 samdue
327 1393 520 1453 corporis
539 1390 796 1453 sedtionem,
813 1409 990 1458 vrgente
1005 1397 1050 1442 vi
1065 1391 1188 1453 mali,
1206 1392 1397 1456 passurus
1414 1392 1668 1458 aliquando,
1686 1397 1818 1442 noete

130 1449 402 1517 designatam
431 1454 731 1505 carnificinam
758 1458 1049 1523 praecedente,
1079 1476 1181 1506 cum
1199 1461 1367 1522 ingenti
1395 1456 1555 1506 fiducia
1572 1463 1722 1509 Deum
1737 1460 1820 1508 ob-

128 1517 306 1565 testatus
321 1559 335 1580 ,
360 1520 646 1570 necessitatem
676 1519 756 1572 sibi
784 1538 875 1572 tam
894 1542 1073 1589 grauem
1094 1522 1364 1572 subeundam
1384 1523 1707 1588 deprecabatur.
1738 1543 1818 1573 nec

128 1581 284 1632 frustra
303 1605 313 1632 ε
341 1585 514 1649 repente
538 1587 592 1635 ad
611 1593 818 1652 precantis
844 1606 961 1635 aures
979 1587 1091 1635 clara
1115 1607 1204 1636 vox
1222 1586 1378 1651 allapsa
1395 1590 1472 1649 est,
1500 1594 1630 1638 Sanus
1645 1591 1752 1639 esto:
1773 1601 1818 1640 δε

128 1667 229 1696 cum
245 1668 351 1700 voce
368 1651 587 1700 sublatum
615 1651 801 1714 malum,
821 1653 1030 1700 &sanitas
1048 1653 1253 1701 restituta.
1300 1657 1491 1701 Puerum
1507 1660 1686 1704 trimum
1700 1658 1817 1704 diur-

125 1717 192 1761 nis
210 1717 528 1783 no<sturnisque
550 1717 807 1765 daemonum
826 1717 999 1781 spee'tris
1016 1717 1166 1764 mistre
1185 1720 1814 1781 agitatum,cohorrescentibus

125 1779 223 1843 pilis
239 1821 251 1841 ‚
278 1786 445 1847 ingenti
474 1782 778 1831 membrorum
804 1787 1012 1830 omnium
1042 1781 1348 1846 trepidatione,
1364 1784 1418 1830 ad
1429 1802 1547 1832 aram
1574 1782 1661 1833 sisti
1680 1786 1810 1834 iuffit:

125 1843 203 1895 vbi
226 1847 349 1895 sacris
376 1844 464 1912 ipse
484 1864 681 1913 operatus
701 1888 715 1910 ,
746 1846 992 1914 parentibus
1009 1844 1154 1895 filium
1169 1845 1441 1896 incolumem
1458 1850 1675 1917 omnic'lue
1692 1851 1814 1900 dein-

125 1929 222 1975 ceps
241 1914 514 1962 infestatione
529 1912 715 1962 liberum
735 1914 944 1962 reddidit:
971 1915 1091 1961 cuius
1121 1916 1252 1961 etiam
1266 1913 1440 1961 fratrem
1459 1932 1563 1963 natu
1581 1920 1812 1979 maiorem,

126 1978 227 2026 cum
246 1984 292 2027 in
306 1979 475 2028 easdem
493 1980 760 2044 specttorum
773 1980 1028 2028 formidines
1043 1978 1270 2037 incidisset,
1284 1978 1434 2026 eadem
1449 1985 1613 2029 ratione
1631 1988 1809 2032 curauit.

126 2042 317 2093 Viuebat
344 2049 528 2109 Louanij
558 2051 602 2093 in
621 2047 732 2093 diuae
756 2045 899 2094 Clarae
924 2043 1154 2093 Coenobio
1174 2043 1340 2091 Aleidis
1354 2046 1558 2104 Lutenia,
1587 2052 1714 2114 virgo
1731 2067 1808 2097 an„

124 2125 205 2157 nos
243 2128 341 2159 nata
369 2125 559 2177 quatuor
588 2131 636 2160 ac
662 2116 844 2179 viginti:
877 2131 924 2160 ea
945 2112 1047 2160 cum
1070 2111 1237 2158 sextum
1264 2113 1353 2158 iam
1378 2110 1672 2175 septimumve
1689 2114 1809 2164 diem

129 2178 294 2224 morbo
331 2176 677 2238 conflidtaretur,
714 2177 1007 2227 ardentissime
1040 2175 1230 2241 postulat
1251 2179 1380 2224 acciri
1406 2177 1460 2224 ad
1487 2176 1526 2224 se
1557 2179 1808 2228 Adrianum

125 2239 314 2306 Collegij
341 2247 561 2291 Societatis
578 2244 875 2308 Praepofitum.
916 2248 978 2292 Ex
1002 2241 1078 2291 illo
1097 2243 1298 2308 praesente
1315 2242 1565 2305 sciscitatur,
1597 2245 1705 2310 quid
1723 2246 1810 2292 dae-

131 2307 343 2358 monibus
362 2309 602 2358 identidem
619 2309 939 2371 insultantibuS,
952 2310 1175 2376 noxasque
1189 2314 1287 2358 vitae
1304 2314 1522 2373 praeteritae
1547 2309 1810 2375 exprobran-

124 2371 255 2435 tibuS,
272 2375 522 2440 respondere
544 2393 760 2438 oporteat.
801 2377 1020 2425 Adrianus
1038 2379 1153 2424 mitti
1173 2375 1227 2423 ad
1238 2375 1276 2422 se
1295 2376 1514 2424 daemones
1531 2415 1545 2436 ,
1564 2375 1595 2423 fi
1610 2376 1810 2437 redirent,

125 2436 260 2498 iubet,
280 2442 319 2488 se
337 2447 487 2508 vtique
511 2438 592 2488 illis
618 2437 934 2503 responsurum.
975 2446 1087 2484 Fecit
1111 2441 1233 2502 quod
1259 2442 1362 2489 iussa
1378 2458 1465 2487 erat
1478 2446 1617 2505 virgo,
1637 2451 1680 2491 ὃς
1706 2443 1806 2506 post

124 2503 408 2555 dimidiatam
430 2510 612 2556 nouem
636 2502 923 2570 placidiffime
946 2506 1142 2552 animam
1171 2500 1412 2564 exhalauit,
1446 2509 1594 2553 Nonis
1620 2511 1804 2571 Ianuarij

125 2588 244 2619 anno
272 2590 326 2620 M.
344 2590 528 2623 D.L111.
566 2572 719 2619 Multo
747 2570 876 2618 mane
904 2573 1025 2616 Pater
1057 2587 1153 2617 eam
1182 2568 1430 2617 nostrorum
1463 2571 1657 2636 precibus
1686 2593 1810 2622 com-

125 2638 331 2686 mendat.-
359 2640 549 2706 cumc'lue
572 2642 631 2686 D.
647 2637 787 2685 Clarae
809 2635 1045 2700 templum,
1062 2634 1223 2701 quode
1245 2637 1420 2702 regione
1435 2653 1532 2685 tum
1551 2655 1649 2699 erat,
1667 2643 1807 2706 ingre-

126 2701 728 2765 deretur‚SanCtimonialium
744 2721 830 2753 vna
842 2702 1086 2750 festinanter
1103 2701 1281 2763 accedit,
1293 2701 1469 2751 obitum
1487 2708 1667 2768 virginis
1693 2714 1807 2753 nun-

128 2772 299 2818 tiatura:
318 2788 360 2819 at
378 2769 450 2818 ille
465 2772 705 2819 sermonem
722 2772 931 2820 venientis
947 2785 1218 2833 praeuerrens,
1235 2771 1349 2828 Scio,
1368 2773 1525 2834 inquit,
1540 2769 1627 2818 scio
1643 2771 1808 2819 obiissee

127 2833 180 2882 Id
198 2834 298 2884 cum
313 2835 389 2885 illa
404 2840 629 2885 miraretur
643 2877 656 2897 ,
671 2853 800 2901 atque
817 2834 872 2883 ad
888 2832 1100 2897 Coenobij
1123 2835 1372 2882 Praefee‘cam
1398 2836 1566 2883 referret
1581 2862 1592 2895 3
1610 2836 1805 2886 baefitan-

127 2900 242 2949 tibus
259 2902 341 2951 illis
367 2903 479 2954 vnde
497 2903 542 2951 id
566 2902 739 2950 rescisset
754 2901 932 2951 tandem
945 2900 1184 2958 Adrianus,
1209 2900 1431 2966 respondit
1444 2900 1531 2960 ille,
1551 2902 1627 2949 diu
1642 2901 1681 2949 se
1699 2922 1802 2951 cum

129 2965 410 3017 daemonibus
438 2969 515 3016 suo
540 2972 586 3016 in
604 2968 810 3016 cubiculo
827 2966 1066 3028 Imitatum,
1097 2965 1373 3015 moribundae
1394 2971 1570 3033 virginis
1585 2986 1799 3016 certamen

128 3031 380 3095 sustinuisse,
399 3054 496 3084 eam
517 3035 620 3085 vero
648 3037 892 3099 expiatoriis
908 3032 1099 3081 flammis
1127 3052 1243 3082 nunc
1267 3038 1456 3099 purgari,
1472 3034 1494 3081 ὲ
1513 3033 1671 3099 quibus
1690 3039 1799 3080 intra

128 3099 322 3148 triduum
346 3106 589 3168 eriperetur.
630 3100 791 3149 Multis
820 3098 892 3148 ille
907 3103 1059 3148 austor
1083 3101 1136 3148 ad
1162 3101 1399 3149 ineundam
1423 3103 1676 3147 Societatem
1700 3099 1796 3154 fuit,

129 3166 428 3227 praestantibus
453 3169 579 3233 plane
592 3171 709 3228 viris,
733 3186 824 3215 non
843 3167 982 3215 modo
997 3165 1140 3233 Belgis
1161 3207 1172 3227 ,
1186 3166 1256 3214 sed
1272 3167 1494 3232 Hispanis,
1510 3163 1803 3223 GalliS,Italis-

128 3229 225 3295 que.
261 3236 311 3280 In
328 3251 381 3281 eo
396 3253 581 3283 numero
598 3238 740 3281 Petrus
755 3238 885 3299 Spiga
896 3234 978 3282 fuit
994 3232 1282 3295 Calaritanus‚
1297 3237 1372 3298 qui
1390 3233 1588 3280 Societati
1602 3229 1801 3294 postmo-

130 3296 239 3345 dum
265 3303 310 3345 in
324 3300 515 3349 Sardinia
531 3301 586 3349 ad
603 3298 798 3349 stabilem
819 3299 1144 3363 sedemtprimus
1163 3300 1331 3348 aditum
1347 3300 1523 3361 aperuit:
1546 3294 1703 3355 iS,cum
1716 3297 1799 3342 Lo-

131 3367 248 3428 uanij
270 3383 360 3414 non
377 3365 524 3433 procul
539 3366 769 3417 D0&0rah
793 3366 933 3417 laurea
956 3365 1136 3426 abesset,
1165 3366 1335 3432 repente
1359 3365 1490 3411 Sociis
1515 3361 1799 3474 adscribilvo-

793 3435 796 3439 ’
1720 3442 1792 3473 uit.
