2326 4080
339 1194 485 1236 Menolog.

338 1237 521 1265 x.Noue1nbr.

317 2361 394 2392 xsaiae
412 2372 456 2400 ς).

311 2831 377 2864 SS.
395 2829 475 2875 Cos-

309 2892 374 2912 mas
385 2881 497 2914 &Da-

308 2930 431 2959 mianus
442 2929 491 2958 in-

299 2973 370 3020 star
379 2984 492 3021 paren-

307 3032 376 3054 tum
388 3024 492 3056 Socie-

308 3072 379 3103 tati.

566 331 636 380 34
788 330 1033 370 IMAGO
1078 331 1290 372 PRIMI
1332 329 1600 371 SAECVLI
1642 330 1794 371 SOC.
1839 331 1998 371 IESV.

559 400 814 463 audaciam,
833 403 1022 450 furorem
1041 422 1133 450 non
1160 401 1442 466 ignorabant:
1469 417 1566 447 ante
1593 400 1742 448 oculos
1767 418 1884 447 erant
1911 400 2211 454 haereticorum

556 467 682 525 faces,
704 485 928 515 mucrones
948 468 1213 528 sicariorum,
1231 467 1512 515 barbarorum
1530 483 1709 526 venena,
1733 467 1834 513 odia
1848 467 2061 528 iudicum,
2074 475 2211 531 periu-

557 535 618 578 ria
639 532 810 579 testium
828 574 840 593 ,
858 534 1055 597 equulei,
1077 551 1204 592 rotae,
1236 532 1378 597 laquei
1402 549 1713 595 tyrannorum:
1740 530 1935 595 patibula
1961 537 2208 598 Britannice,

555 599 676 660 ignes
697 601 935 662 laponum,
957 604 1144 647 Batauiae
1171 617 1374 658 carceres,
1399 595 1662 643 Brasilorum
1685 600 1831 655 ricottis,
1853 600 2207 661 Paraquariorum

553 662 703 721 clauae,
721 681 929 711 venenata
947 668 1133 711 Peruuiae
1146 662 1228 710 tela
1243 703 1256 722 ‚
1274 667 1344 710 Tu
1353 679 1520 709 rcarum
1548 665 1734 708 acinaces
1756 665 1799 707 in
1818 680 2035 709 nouorum
2058 663 2206 713 homi-

550 742 662 775 num
682 733 976 777 innocentiam
1006 729 1314 776 imminebant.
1346 726 1524 787 Exsiliis‚
1544 725 1944 791 proscriptionibtm,
1960 729 2202 795 naufragiis,

550 788 784 841 latrociniis
800 835 811 854 ‚
830 796 996 853 inediae,
1013 793 1094 855 firi,
1112 794 1296 841 nuditati
1310 831 1322 854 ,
1336 791 1537 857 squallori
1551 832 1565 849 ,
1584 792 1802 852 seruituti,
1822 800 1865 838 δε
1885 790 2083 840 sexcentis
2111 796 2203 844 aliis

549 855 740 921 pestibus
760 860 1032 908 obiiciendus
1055 878 1143 907 erat
1162 877 1300 906 nouus
1328 859 1398 906 liic
1429 874 1583 922 partus.
1611 859 1671 903 At
1696 856 1779 921 qua
1807 860 1941 903 tectus
1970 863 2203 909 armatura?

549 924 707 986 quibus
736 929 928 972 munitus
957 924 1182 990 praefidiis?
1215 928 1445 971 Nimirum
1471 921 1717 969 affulserunt
1745 926 1834 968 eius
1866 921 2080 970 natalibus
2111 944 2202 976 non

549 990 707 1038 Castor
726 998 768 1037 ὃς
790 991 961 1051 Pollux,
975 989 1156 1039 fabulosi
1170 990 1477 1054 tempestatum
1494 987 1733 1052 depulsores
1749 1012 1758 1045 3
1777 987 1847 1034 scd
1873 991 1912 1034 C
1928 1003 1957 1032 o
1977 1006 1994 1034 s
2012 1006 2047 1035 M
2062 1008 2092 1037 A
2107 1011 2130 1038 s
2156 1001 2201 1040 &

547 1056 593 1100 D
608 1072 637 1102 A
654 1073 689 1102 M
707 1074 722 1104 1
739 1071 770 1102 A
786 1073 818 1103 N
836 1075 862 1105 v
878 1075 914 1116 S,
929 1055 1226 1103 animofiffimi
1242 1055 1399 1102 milites
1425 1058 1464 1101 C
1479 1071 1512 1100 H
1527 1070 1559 1101 R
1574 1071 1588 1100 1
1606 1071 1624 1099 s
1641 1070 1668 1101 T
1683 1070 1698 1099 1
1721 1072 1730 1097 :
1753 1061 1796 1098 ὃς
1815 1053 1894 1100 sure
1918 1054 2198 1118 fortitudinis,

547 1118 799 1180 tolerantiae,
818 1120 1041 1170 alacritatis
1058 1119 1333 1169 lucidissimas
1362 1136 1484 1166 notas
1503 1159 1514 1179 ‚
1534 1118 1836 1165 commentitia
1865 1116 2081 1167 stellarum
2100 1141 2199 1170 om-

546 1189 670 1232 nium
682 1185 921 1234 necestitate
937 1191 1213 1250 potentiores,
1226 1189 1264 1232 ei
1279 1184 1538 1249 reliquerunt
1552 1184 1765 1247 impressas
1793 1193 1834 1230 &
1854 1184 2024 1231 inditas.
2046 1189 2086 1233 A
2100 1190 2199 1239 Me-

545 1250 716 1317 nologo
734 1253 911 1317 quidem
938 1256 1091 1300 Graeco
1110 1251 1262 1298 hiduo
1280 1254 1489 1314 principes
1518 1258 1561 1296 &
1589 1245 1854 1314 antesignani
1882 1250 2016 1298 nostri
2047 1256 2197 1301 φωτωνὲ,

543 1335 640 1360 ςατοι
657 1320 756 1361 edam
780 1320 833 1370 ,(ᾳῆ
850 1320 973 1372 πύργοι
994 1318 1123 1361 οἵσεκιςοι
1137 1351 1148 1368 ,
1165 1315 1431 1365 lucidissimae
1459 1314 1679 1363 columnae
1711 1324 1754 1362 ὃς
1773 1316 2026 1363 inconcussae
2045 1334 2195 1380 turres,

542 1381 834 1445 appellantur3
850 1381 972 1444 quod
986 1400 1075 1429 non
1089 1381 1179 1429 solo
1195 1386 1406 1431 virtutum
1423 1380 1632 1445 spendore
1648 1378 1908 1445 effulgeant,
1933 1381 2001 1429 sed
2027 1401 2196 1431 earum<

540 1445 643 1493 dem
659 1465 837 1513 quoque
854 1447 1054 1513 firmitate
1076 1451 1185 1494 inter
1200 1464 1407 1495 extremos
1426 1449 1633 1494 cruciatus
1653 1444 1924 1494 stabiliantur
1948 1467 1996 1494 ac
2024 1449 2190 1498 durent.

538 1513 629 1558 Vos
647 1530 806 1573 autem,
821 1516 931 1574 Socij
947 1553 961 1574 ,
982 1512 1194 1560 beneficio
1210 1516 1445 1561 natiuitatis
1473 1512 1619 1561 vestrae
1635 1551 1648 1571 ,
1679 1521 1723 1559 ὃς
1741 1515 2013 1575 geminarum
2043 1532 2192 1564 exortu

537 1593 667 1641 atque
682 1577 956 1642 impressione
983 1578 1199 1626 stellarum
1214 1619 1228 1640 ‚
1244 1595 1416 1643 oportet
1434 1576 1633 1642 exemplo
1651 1576 1788 1625 stellas
1806 1616 1819 1638 ,
1850 1578 2089 1627 constantia
2115 1600 2190 1628 co-

535 1639 724 1704 lumnas,
743 1642 1016 1708 insuperabili
1033 1648 1283 1692 animorum
1304 1644 1456 1692 robore
1470 1660 1599 1691 turres
1619 1662 1709 1690 non
1719 1644 1854 1691 videri
1865 1682 1879 1702 ‚
1901 1643 1970 1697 sed
1987 1645 2075 1692 effe.
2096 1648 2189 1694 Vos

534 1724 706 1770 oportet
721 1713 766 1756 in
784 1708 980 1774 periculis
1006 1710 1243 1774 intrepidos
1260 1749 1274 1769 ,
1294 1713 1337 1756 in
1360 1706 1544 1757 aduersis
1562 1707 1843 1773 tranquillos,
1859 1712 1904 1755 in
1919 1709 2188 1773 prosperitate

535 1790 635 1820 com
643 1774 820 1836 poffios,
836 1779 879 1822 in
896 1775 1252 1823 dimicationibus
1266 1775 1412 1835 fortes,
1430 1779 1475 1822 in
1491 1774 1578 1840 ipsfi
1592 1791 1732 1822 morte
1745 1779 1912 1822 viuaces
1930 1776 2122 1839 perstate,
2141 1787 2187 1826 δε·

534 1839 875 1900 quodammode>
890 1839 1170 1889 immortales.
1186 1839 1325 1906 Qod
1343 1846 1460 1888 enim
1472 1843 1653 1889 infantes
1669 1840 1883 1906 quosdam
1898 1839 2024 1905 galeis
2045 1860 2186 1891 arma-

532 1917 598 1949 tos
615 1908 659 1951 in
681 1906 790 1954 hanc
805 1911 941 1955 vitam
958 1909 1131 1970 prodire
1147 1905 1424 1954 obseruamus
1437 1946 1450 1967 ‚
1476 1906 1521 1954 id
1551 1905 1690 1954 modo
1718 1924 1853 1970 quam
1870 1923 2105 1955 euentuum
2131 1907 2188 1956 fi-

529 1969 864 2030 gnificationem
904 1973 1158 2034 portendat,
1199 1991 1290 2020 non
1320 1975 1518 2038 inquiro:
1549 1987 1849 2020 verumtamen
1884 1969 1940 2019 fic
1963 1972 2184 2037 existimo,

528 2036 746 2084 vniuersos
760 2037 883 2085 huius
901 2041 1119 2085 Societatis
1137 2038 1337 2085 homines
1351 2078 1363 2098 ‚
1377 2037 1563 2102 galeatos
1579 2036 1694 2085 nasci
1711 2056 1759 2084 ac
1776 2036 1945 2102 prodire
1969 2055 2183 2103 oportere,

527 2099 582 2146 ad
602 2120 828 2150 mucrones
843 2102 1036 2151 hostium
1049 2108 1324 2151 imminentes
1340 2103 1551 2167 capitibus
1565 2143 1578 2164 ,
1598 2102 1653 2150 ad
1677 2122 1830 2151 omnes
1854 2102 2035 2150 fortunae
2053 2107 2183 2168 ustus,

526 2182 681 2215 omnes
701 2169 1043 2217 aduersariorum
1074 2172 1276 2227 iniurias,
1295 2186 1447 2217 omnes
1477 2168 1774 2216 calamitatum
1804 2173 1987 2232 impetus
2016 2187 2064 2216 ac
2080 2189 2183 2234 pro-

525 2231 676 2293 cellas,
705 2253 795 2282 non
822 2234 1059 2283 subeundas
1078 2233 1391 2282 tantummodo
1408 2232 1615 2282 alacribus
1640 2243 1683 2282 δε
1709 2233 1893 2282 fortibus
1920 2238 2092 2295 animis,
2108 2236 2180 2286 sed

524 2297 717 2345 infraetis
745 2305 876 2348 eriam
902 2301 1065 2349 viribus
1095 2300 1392 2347 retundendas.
1427 2300 1564 2362 Qod
1599 2303 1858 2348 muniminis
1883 2317 2014 2364 genus
2045 2305 2178 2353 etiarn

524 2361 649 2410 lsaias
668 2360 725 2411 fic
738 2366 1046 2413 commendat:
1071 2366 1191 2413 Galea
1201 2366 1340 2430 fidum
1357 2370 1397 2412 in
1414 2371 1531 2432 capite
1546 2369 1637 2413 eius.

591 2431 741 2493 Atque
756 2430 847 2478 haec
864 2430 960 2478 sunt
978 2449 1067 2478 non
1080 2432 1182 2489 fata,
1201 2431 1269 2478 sed
1283 2449 1459 2478 munera
1476 2457 1487 2489 3
1515 2449 1606 2478 non
1634 2430 1763 2477 sortes
1781 2431 1805 2478 a
1822 2427 2082 2490 neceffitate,
2105 2430 2183 2481 sed‘

523 2495 628 2541 vires
646 2494 669 2542 a
688 2495 839 2544 caelesti
868 2495 1028 2542 auxilio
1053 2497 1281 2560 profe&ae;
1310 2515 1401 2543 non
1423 2496 1589 2544 decreta
1609 2500 1826 2560 geniturae,
1851 2495 1922 2543 sed
1950 2494 2175 2559 beneficia,

520 2576 617 2621 quae
643 2566 816 2625 propirij
850 2561 1109 2609 constitutio
1141 2561 1228 2609 caeli
1241 2601 1254 2622 ‚
1285 2565 1325 2607 C
1339 2579 1370 2608 o
1387 2579 1404 2608 s
1418 2578 1455 2607 M
1473 2577 1505 2607 A
1520 2578 1556 2608 M
1591 2570 1634 2608 &
1665 2563 1708 2606 D
1724 2578 1756 2607 A
1771 2578 1808 2607 M
1826 2578 1840 2607 1
1856 2578 1886 2608 A
1901 2577 1933 2607 N
1951 2579 1976 2608 v
1989 2578 2027 2607 M
2055 2562 2175 2612 velut

520 2625 805 2688 conspirantes
825 2644 918 2674 rum
938 2626 1074 2674 stellas
1093 2628 1303 2692 proferens
1321 2644 1448 2691 atque
1461 2631 1726 2691 coniungens
1741 2665 1754 2685 ‚
1769 2626 1957 2673 nascenti
1984 2630 2174 2676 Societa-

519 2691 555 2734 ti
573 2693 796 2754 impertiit:
819 2692 924 2753 haec,
940 2696 1138 2757 inquam,
1160 2692 1378 2739 salutifera:
1394 2696 1638 2739 exercitatio
1665 2691 1918 2751 medicinae,
1937 2697 2171 2755 gratuitum

518 2752 794 2820 obsequium,
812 2763 1061 2805 animorum
1080 2758 1329 2817 concordia,
1346 2762 1537 2823 martyrij
1556 2774 1712 2808 votum
1732 2765 1775 2804 &
1794 2774 1931 2804 amor.
1959 2760 2041 2805 Pro
2070 2763 2169 2822 qui-

519 2815 596 2866 bus
615 2821 1091 2871 vestrisimmortalibus
1111 2828 1156 2870 in
1173 2824 1284 2871 lianc
1301 2823 1526 2871 Familiam
1543 2826 1700 2870 meritis
1713 2863 1725 2882 ‚
1746 2825 1917 2870 Patroni
1942 2826 2118 2886 optimi,
2136 2822 2170 2873 fi

517 2902 635 2948 pares
646 2886 773 2935 vobis
789 2892 943 2953 gratias
960 2907 1053 2936 non
1066 2889 1233 2953 possum
1261 2907 1398 2953 agere,
1412 2889 1553 2953 quaeso
1572 2888 1849 2953 obtestorque
1863 2928 1877 2948 ‚
1894 2906 1948 2934 ne
1969 2907 2074 2935 meae
2093 2907 2170 2937 na-

517 2967 621 2998 tura:
639 2953 778 3016 potitis
793 2993 804 3012 ‚
826 2955 959 3017 quam
976 2953 1257 3002 immensitati
1282 2954 1520 3003 vestrorum
1538 2953 1875 3013 beneficiorum,
1900 2953 1946 3000 id
1972 2954 2168 3002 tribuen-

516 3015 622 3063 dum
640 3022 806 3081 putetis.
826 3019 924 3067 Plus
948 3024 1065 3066 enim
1078 3021 1203 3069 vobis
1220 3019 1444 3080 debemus,
1460 3020 1593 3084 quam
1607 3019 1850 3084 parentibus
1869 3018 2003 3066 liberi.
2033 3021 2074 3066 A
2091 3039 2167 3083 pa-

514 3082 702 3130 rentibus
715 3088 833 3131 enim
850 3089 892 3131 in
908 3083 1114 3149 squallore
1130 3096 1173 3133 &
1193 3085 1386 3132 sordibus
1400 3090 1605 3149 procreati
1618 3111 1628 3143 3
1641 3085 1664 3132 a
1677 3083 1800 3132 vobis
1821 3089 1911 3131 nati
1934 3083 2079 3131 sumus
2101 3085 2166 3133 lu-

513 3148 599 3195 cidi
614 3165 742 3213 atque
755 3149 1103 3211 splendentes.1lli
1115 3170 1192 3198 nos
1207 3168 1386 3214 genuere
1403 3149 1455 3197 ad
1470 3156 1674 3198 incertam
1692 3149 1829 3197 salutis
1845 3150 2162 3210 conditionem3

512 3231 589 3260 vos
606 3213 661 3261 ad
676 3215 860 3263 minime
879 3215 1059 3263 dubiam
1075 3215 1191 3281 spem
1219 3217 1482 3279 sempiterna:
1498 3217 1708 3264 beatitatis
1727 3215 1924 3263 erexistis.
1951 3213 2017 3261 Illi
2035 3216 2164 3263 nobis

510 3282 694 3342 patriam
721 3280 954 3341 dederunt,
981 3281 1092 3328 hanc
1118 3299 1272 3329 terram
1290 3306 1301 3339 3
1318 3300 1394 3329 vos
1413 3281 1567 3328 caelum
1592 3284 1857 3345 promittitis.
1885 3278 1958 3328 Ab
1985 3278 2094 3340 illis,
2115 3298 2161 3330 vt

510 3348 611 3406 aegri
630 3363 678 3391 ac
694 3344 852 3394 debiles
866 3372 876 3405 ·,
892 3347 916 3394 a
930 3345 1071 3406 vobis,
1087 3365 1176 3395 non
1203 3347 1373 3394 tantum
1387 3363 1432 3394 vt
1448 3346 1631 3394 valentes
1647 3384 1658 3401 ,
1683 3346 1751 3393 sed
1768 3350 1896 3393 etiam
1919 3345 2087 3392 Medici
2114 3363 2161 3395 vt

509 3409 702 3474 edemus,
726 3417 981 3481 accepimus.
996 3410 1068 3462 Illi
1080 3417 1198 3471 enim
1216 3412 1415 3462 humanis
1432 3431 1511 3461 nos
1531 3412 1739 3462 doitrinis
1758 3411 2019 3459 imbuendos
2042 3429 2159 3459 cura-

2040 3492 2156 3536 runt,
