2321 4013
181 279 381 335 LIBER
427 282 742 328 TERTIVS.
796 272 1156 326 soerfirA's
1208 275 1456 328 AGENS,
1586 282 1689 340 401

15 412 18 418 .
54 369 328 420 Prouidentiae
342 364 565 430 vigilantia
582 363 786 411 excubare
804 363 1152 412 videretur.Ante
1169 360 1325 409 harum
1342 361 1526 426 singulas
1541 364 1696 430 singuli

17 478 20 485 .
53 435 284 485 Cherubini
301 432 486 493 ,leoni35
517 430 643 478 bouis
660 470 674 490 ,
699 428 882 494 aquilae,
913 428 1104 475 hominis
1122 427 1309 474 iucunda
1337 425 1466 475 simul
1503 434 1700 478 varietate

54 500 258 559 (monstra
283 499 433 544 dixeris
449 536 462 556 ,
482 496 736 561 mysterium
752 495 840 554 est)
862 495 1043 559 speciem
1072 491 1343 540 inuoluentes
1362 511 1371 538 :
1391 511 1495 541 nam
1517 493 1699 542 leoninis

18 569 22 620 Ῐ
53 571 149 615 toris
166 564 319 622 induti,
335 578 462 626 atque
475 580 531 609 vn
537 560 648 626 gulis
667 559 842 608 calceati
860 558 1100 608 vitulorum
1114 597 1127 619 ,
1142 556 1414 605 flammantes
1438 563 1518 607 toti
1537 568 1580 607 &
1595 560 1698 607 scin—

20 630 23 649 ³
54 631 225 680 tillantes
241 660 254 686 ,-
276 628 338 674 bis
371 630 564 691 geminas
582 625 804 690 gestabant
834 624 940 685 alas,
957 641 1144 689 quarum
1166 622 1277 671 binis
1301 622 1504 672 velabant
1520 624 1699 685 femora,

21 689 25 743 ¹.
56 698 160 745 binis
185 710 327 741 autem
351 692 559 740 volabant
580 696 624 739 in
650 709 818 740 morem
841 690 1083 755 aquilarum
1097 729 1110 750 ,
1138 689 1184 736 ea
1199 691 1388 751 corporis
1404 697 1448 736 δε
1467 689 1608 738 vultus
1624 691 1703 737 hu·-

23 759 25 763 ’
57 764 167 810 mani
198 756 538 822 composltione,
570 774 617 806 vt
641 775 826 822 quatuor
842 756 960 804 orbis
981 771 1116 818 partes
1140 753 1463 803 ambulantium
1491 756 1615 803 facies
1641 773 1705 802 re<

24 823 28 881 ζ
55 827 259 892 spicerent,
279 823 398 888 quasi
413 828 455 870 in
473 841 655 870 omnem
683 840 835 872 terram
852 821 889 869 se
907 820 1102 869 militum
1126 819 1303 868 illorum
1317 838 1493 868 conatus
1510 821 1708 868 extende-

25 886 28 893 ¹
57 910 96 940 re
119 894 328 939 niteretur.
352 894 486 953 Supra
510 888 771 936 animalium
796 892 935 952 capita
950 927 963 948 ‚
987 886 1075 951 qua
1096 886 1253 933 caelum
1271 884 1352 932 sese
1376 886 1504 934 instar
1526 885 1706 952 crystalli

27 943 32 1023 3
57 954 309 1021 pellucidum
337 952 575 1020 aperiebat,
608 955 720 1002 sedes
746 964 790 1002 δε
814 951 1070 1003 vehiculum
1090 950 1323 1017 apparebat
1338 956 1569 1017 aurigantis
1599 955 1708 999 Dei-

29 1059 31 1071 ;
57 1022 264 1080 hominis,
289 1024 409 1066 cuius
444 1020 650 1067 Maiestas
674 1021 838 1069 vastam
856 1017 978 1067 illam
1001 1017 1201 1083 prudenti
1226 1016 1526 1066 moderamine
1552 1015 1708 1083 impel-

30 1095 41 1140 ς’
57 1087 161 1137 lebat
174 1085 350 1142 molem,
369 1094 412 1133 δε
432 1084 635 1133 animalia
658 1085 866 1142 frenabat,
883 1089 928 1132 in
947 1102 1086 1132 vnum
1101 1087 1374 1148 Imperatoris
1389 1084 1451 1132 sui
1469 1100 1626 1131 nutum
1638 1102 1709 1130 ex-

31 1148 36 1195 ⁷.
59 1151 208 1219 plicatis
227 1150 299 1199 alis
317 1151 480 1215 semper
498 1155 678 1198 intenta.
706 1154 822 1199 Ante
836 1154 985 1198 Deum
1009 1148 1179 1197 foculus
1197 1148 1397 1206 ardebat,
1418 1155 1462 1197 in
1481 1167 1573 1215 quo
1595 1153 1710 1213 ignis

60 1218 124 1267 ille
137 1217 390 1266 consumens
419 1216 556 1264 diuini
585 1219 792 1274 Amoris,
811 1234 945 1281 quem
975 1213 1132 1263 talibus
1162 1215 1426 1263 administris
1456 1218 1575 1264 venit
1608 1219 1710 1262 mit-

35 1316 39 1347 ,
60 1294 137 1332 tere
163 1287 205 1330 in
227 1299 382 1330 terram
407 1281 573 1330 felicior
594 1280 713 1331 orbis
746 1281 998 1338 Phaethon,
1026 1279 1157 1345 longe
1189 1278 1358 1346 lateque
1385 1280 1588 1329 flammas
1620 1280 1710 1328 suas

36 1370 39 1403 ζ
62 1347 348 1397 eiaculabatur.

113 1411 299 1473 Facilemi
313 1407 527 1473 fallor,h'ic
542 1413 738 1478 agnoscet
748 1410 931 1478 quilibet
944 1411 1124 1461 sincerus
1142 1411 1608 1476 rer‘umaestimator,per
1622 1425 1712 1459 cur·
1727 1420 1863 1452 Societas
1897 1473 1903 1475 ⁴

38 1474 44 1555 'l
65 1497 152 1526 rum
177 1476 301 1526 illum
327 1481 584 1526 Diuinitatis
614 1477 935 1526 inflammando
962 1478 1059 1526 orbi
1087 1494 1386 1544 comparatum
1404 1518 1417 1538 ,
1450 1483 1709 1526 Societatem
1726 1468 1906 1548 ξξζῖζῗ

65 1548 82 1591 1
97 1562 120 1592 E
136 1562 153 1591 s
172 1562 199 1592 v
219 1542 284 1592 vel
309 1545 401 1608 ipso
417 1548 597 1591 nomine
610 1543 686 1592 suo
700 1544 841 1591 inferis
856 1544 1202 1605 formidandam,
1218 1543 1480 1592 adumbrari.
1516 1560 1611 1606 quae
1630 1548 1711 1591 mi-
1727 1520 1899 1595 clneliszc'aa

42 1621 45 1658 ζ
65 1613 183 1657 nimis
196 1609 261 1656 sed
281 1610 420 1658 arduis
433 1613 564 1657 initiis
577 1626 734 1666 exorta,
753 1611 797 1656 in
812 1627 904 1656 eam
920 1610 1269 1673 magnitudinem
1289 1612 1477 1656 excreuit
1488 1647 1503 1668 ,
1533 1623 1582 1655 vt
1597 1607 1711 1656 velo-
1726 1620 1877 1659 pamm·-

43 1690 46 1710 1
68 1674 223 1723 cissimis
240 1679 336 1722 aeta
363 1678 490 1735 rotis,
526 1683 570 1722 ὃς
588 1673 801 1723 laetiffimo
819 1673 937 1721 cursu
963 1714 979 1736 ,
1002 1676 1067 1722 ΙΕ
1085 1692 1104 1721 s
1127 1694 1156 1724 v
1183 1675 1245 1723 sui
1273 1674 1458 1739 gloriam
1475 1672 1714 1730 (nobilissi-

69 1759 182 1788 mum
198 1760 301 1805 pom
307 1759 370 1805 pae
382 1739 609 1800 ferculum)
623 1759 694 1805 per
704 1739 878 1788 calcatas
892 1738 1147 1788 daemonum
1172 1744 1357 1788 ceruices
1373 1777 1386 1796 ,
1418 1756 1490 1803 per
1503 1754 1570 1787 rot
1582 1739 1714 1788 haere-

46 1834 48 1838 ,
69 1811 240 1853 ticorum
266 1815 309 1854 δε
327 1804 570 1854 infidelium
591 1815 754 1854 turmas
771 1804 884 1853 felici
905 1805 1051 1853 Marte
1066 1806 1272 1870 superatas
1286 1845 1300 1867 ‚
1319 1822 1392 1869 per
1408 1809 1632 1853 innumera
1649 1824 1716 1854 ce-

70 1870 265 1920 rastarum
279 1878 418 1936 capita
434 1875 631 1932 oo'ntrita,
656 1872 709 1921 ad
727 1885 880 1920 omnes
905 1888 998 1919 oras
1024 1870 1242 1939 partesque
1264 1868 1463 1932 vniuersi‚
1481 1869 1716 1920 reluctante

49 1962 53 1990 ς
71 1939 356 2003 nequidquam
368 1937 522 1998 Erebo,
537 1936 846 1986 circumtulerit
859 1936 1142 1985 adorandam.
1154 1941 1244 1984 Hic
1255 1937 1316 1984 est
1330 1954 1473 1984 currus
1484 1936 1554 1984 ille
1566 1940 1714 2000 igneus

50 2004 55 2056 ’,
72 2001 234 2062 Israelis,
254 2022 385 2068 quem
403 2003 558 2052 Eliseus
573 2003 683 2050 olim
702 2002 902 2068 plorabat
917 2016 1133 2068 erep'tnm3
1158 2015 1276 2052 nunc
1299 2018 1476 2067 vterque
1498 2001 1615 2050 orbis
1630 1999 1719 2050 sin-

52 2066 196 2131 :gulari
212 2072 296 2116 Dei
313 2068 524 2117 beneficio
538 2109 551 2129 ,
575 2067 748 2117 afflictis
771 2065 964 2117 Ecclesiae
978 2068 1101 2117 rebus
1119 2068 1277 2134 gaudet
1293 2070 1316 2117 ὲ
1335 2067 1444 2115 caelis
1464 2068 1712 2116 aduectum:

53 2156 58 2191 ιΓ
77 2137 116 2180 in
138 2153 222 2199 quo
240 2133 270 2182 fi
287 2140 395 2183 acies
424 2152 582 2199 quaeras
607 2144 652 2183 &
681 2135 837 2182 milites
848 2149 872 2192 ,1
895 2135 1054 2198 quibus
1080 2134 1326 2197 triumphos
1344 2134 1440 2181 suos
1460 2133 1718 2198 quotidiana

0 2246 1 2250 ,
54 2200 292 2248 ἰειεεείῖἰοῃε
313 2200 584 2266 multiplicat,
603 2205 790 2248 inuenies
816 2198 943 2255 (absit
964 2202 1098 2249 verbo
1112 2201 1303 2258 inuidia)
1329 2198 1548 2248 delec‘tum
1567 2202 1718 2266 Ange-

0 2306 1 2310 ,
57 2261 222 2326 ilorum,
237 2272 312 2331 qui
331 2266 409 2314 sub
421 2265 676 2315 animalium
699 2267 850 2315 formis
869 2266 1058 2332 produnt
1074 2306 1086 2325 ,
1109 2268 1216 2332 quid
1240 2265 1295 2314 ab
1311 2269 1358 2312 iis
1384 2266 1599 2330 supremus
1625 2268 1718 2312 Im-

0 2376 4 2383 ,
58 2341 228 2395 pperator
251 2338 294 2379 in
322 2332 401 2380 hac
415 2331 569 2380 militi-3
586 2337 784 2397 requirat.
819 2332 954 2397 Qid
972 2337 1089 2379 enim
1108 2338 1153 2380 in
1170 2331 1286 2380 alatis
1305 2330 1388 2378 illis
1417 2340 1459 2379 &
1481 2334 1579 2377 ione
1599 2330 1718 2378 caele-

1 2424 4 2449 1
59 2394 327 2457 rstisuccensis
339 2398 564 2446 iuuenibus
583 2397 820 2447 similitudo
837 2398 1093 2447 animalium
1112 2397 1377 2445 demonstrat
1392 2437 1405 2457 ,
1430 2372 1523 2443 nisi]
1534 2395 1613 2443 sub
1631 2395 1719 2444 leo-

0 2490 7 2515 :
60 2459 151 2517 inis,
168 2461 305 2524 bouis,
319 2463 473 2529 aquilae
486 2463 724 2529 insignibus
742 2462 987 2530 exuuiisque
1012 2464 1210 2512 humano
1228 2467 1397 2526 corpori
1412 2462 1605 2522 adiectis,
1619 2462 1720 2511 sub-⁵

0 2556 6 2582 ;
62 2522 191 2587 {limes
211 2529 502 2590 Cherubinos,
517 2539 561 2577 &
579 2529 756 2579 caelestcs
775 2530 957 2594 spiritus,
974 2530 1178 2577 acerrima
1192 2529 1383 2593 quadam
1396 2532 1630 2592 agitatione
1643 2568 1658 2588 ‚
1674 2536 1719 2576 &

0 2620 9 2646 ;,
64 2589 220 2640 :diuino
231 2593 394 2659 spiritu,
409 2600 454 2643 in
470 2597 723 2644 Conditoris
734 2595 813 2642 suis
828 2594 1091 2660 obsequium
1108 2598 1342 2642 concitatos
1361 2593 1622 2642 delitescere?
1637 2597 1720 2643 Ita-

0 2688 11 2715 ,
65 2663 67 2668 '
81 2662 494 2722 que,quemadmodu
502 2681 545 2709 m
562 2663 693 2709 beatae
707 2660 788 2708 illae
803 2678 982 2721 mentes,
1000 2679 1167 2725 magnae
1183 2659 1295 2708 illius
1312 2662 1475 2707 Mentis
1490 2659 1720 2725 purissimae

0 2753 11 2781 ς
66 2723 268 2785 iquaedam
282 2726 398 2775 velut
415 2725 618 2786 scinrillae,
634 2736 677 2775 ὃς
694 2725 1129 2791 sempiterniluminis
1147 2725 1310 2774 facibus
1330 2726 1525 2786 accensae,
1544 2743 1648 2791 quas
1660 2725 1721 2773 se-

0 2817 14 2848 :
69 2789 236 2837 :cundos
249 2791 485 2856 splendores
513 2811 699 2858 magnus
715 2791 784 2839 ille
799 2796 1031 2858 Gregorius
1055 2809 1353 2858 cognomento
1374 2790 1632 2858 Theologus
1657 2797 1721 2841 in-
1741 2806 1818 2835 0121-
1832 2807 1877 2841 ἴε·

2 2884 12 2913 ς
70 2850 247 2917 ndigetat,
265 2861 433 2905 animos
449 2859 616 2906 nostros
631 2860 654 2906 a
671 2875 811 2906 rerum
831 2858 1075 2923 aliquarum
1102 2862 1372 2923 ignorat-ione
1398 2859 1610 2923 purgandi
1629 2863 1721 2909 vim

83 2916 248 2981 habent,
261 2923 414 2989 eosque
426 2923 707 2972 illuminandi
727 2932 769 2973 ὃς
783 2922 1117 2972 cumulatissime
1130 2923 1376 2990 perficiendi
1391 2945 1399 2971 :
1416 2927 1474 2972 ita
1487 2928 1597 2986 Socij
1613 2928 1718 2974 Isssv

85 2982 290 3049 Angelicae
307 2994 501 3053 puritatis
518 2988 678 3048 aemuli,
699 2988 865 3056 totique
889 2994 1051 3056 origini
1066 2990 1146 3037 suae
1159 3031 1172 3052 ,
1187 2990 1232 3039 id
1247 2990 1307 3038 est
1323 2994 1437 3051 Deo,
1459 2988 1618 3049 affixi,a
1632 3008 1722 3054 quo

0 3079 20 3112 531
74 3050 222 3112 ligneos
242 3062 284 3101 &
309 3053 456 3103 celeres
484 3059 650 3105 virtutis
678 3072 849 3117 motus,
869 3055 1313 3122 splendidiffirnosque
1339 3058 1477 3105 radios
1505 3055 1719 3111 hauriunt,

0 3145 22 3178 t:-
76 3113 298 3182 [absumpta
314 3118 588 3185 voluptatum
607 3120 853 3170 colluuione
866 3162 879 3181 ,
897 3127 941 3170 in
958 3123 1126 3170 fornace
1141 3122 1210 3171 ill-3
1229 3122 1413 3187 supremi
1444 3130 1487 3168 &
1508 3117 1722 3167 castiffimi

0 3189 23 3245 „45
77 3186 234 3230 :amoris
251 3202 565 3251 excoquuntur;
584 3189 722 3236 donec
739 3187 876 3252 probe
891 3186 1122 3236 illuminati
1148 3197 1192 3236 ὃς
1204 3190 1394 3254 perfecti,
1420 3185 1559 3233 lucem
1574 3184 1723 3232 ardore

1 3279 23 3309 „43
89 3248 258 3296 mixtam
288 3248 378 3298 aliis
407 3258 758 3311 communicent,
788 3272 879 3301 non
912 3255 1054 3302 minus
1084 3252 1262 3302 illustres
1288 3251 1507 3317 splendore
1539 3253 1722 3311 virtutis,

2 3340 23 3377 §23
81 3310 214 3371 =quam
229 3314 430 3364 diuinitus
449 3317 710 3367 inflammati
725 3321 892 3367 feruore
908 3320 1134 3367 charitatis.
1174 3323 1236 3368 At
1251 3319 1384 3383 quam
1400 3313 1602 3381 inaequali
1626 3315 1722 3363 offi<

6 3396 26 3442 32
82 3377 535 3446 'reiorumpartitioneid
551 3389 848 3451 agitSocieta-s?
868 3386 1018 3435 eadem
1040 3383 1165 3451 plane
1189 3389 1415 3441 varietate,
1438 3382 1523 3448 quii
1543 3383 1722 3446 Spiritus

1167 3454 1202 3502 E
1219 3467 1241 3495 e
1257 3468 1278 3496 e
1662 3445 1728 3499 illi
