2326 4080
595 341 695 387 116
868 344 1367 386 IMAGOPRIMI
1412 341 1672 381 SAECVLI
1716 340 2061 396 SOC.1ESV.

591 415 770 462 retardat
797 433 971 463 conatus
986 454 997 474 ,
1017 415 1125 461 dum
1153 418 1319 463 vietum
1341 413 1533 460 ostiatim
1553 413 1747 475 quotidie
1763 415 1955 476 quaeritat
1971 450 1982 470 ,
2000 410 2105 458 dum
2131 416 2237 464 inter

529 486 532 489 ’
590 497 741 542 pueros
757 481 865 527 sedet
884 482 1067 539 auditor,
1081 481 1186 526 dum
1201 482 1359 544 ingenij
1383 478 1444 524 sui
1459 482 1666 540 experitur
1683 477 1926 522 tarditatem
1945 500 1954 532 3
1977 479 2237 542 Antuerpiae,

383 801 423 838 ό·
433 795 570 848 pruden-

382 861 463 884 tmm
474 849 566 882 iudi—

382 911 426 931 [Μ
445 899 528 941 fru—

373 946 402 992 fi
408 945 455 989 rvi,

591 545 666 592 vbi
685 551 920 609 paupertati
952 547 1032 592 suae
1053 542 1289 591 subsidium
1310 542 1547 608 quaerebat,
1577 541 1901 604 Hispaniensem
1937 559 2232 603 mercatorem,

591 614 732 658 virum
754 615 797 657 in
815 614 965 674 primis
985 610 1260 673 opulentum,
1280 625 1456 655 monere
1473 607 1599 653 audet
1614 645 1627 665 ,
1651 623 1785 671 grates
1802 622 1848 654 vt
1862 622 1955 668 agat
1976 608 2089 665 Deo,
2106 607 2128 654 ri
2148 628 2235 673 quo

591 674 747 724 scilicet
763 675 894 722 lectus
916 676 980 735 sit,
998 693 1044 723 vt
1061 673 1169 722 olim
1185 674 1255 719 susi
1269 677 1313 719 in
1332 673 1465 737 patrifi
1476 675 1672 718 Societati
1699 675 1755 716 IE
1771 687 1788 715 s
1807 688 1831 718 v
1863 668 2115 733 Collegium
2135 693 2237 721 con.-

592 739 677 788 dat.
713 739 850 788 Lubet
873 741 944 788 hic
966 741 1077 787 mihi
1104 737 1342 804 plusculum
1376 741 1552 801 ingenio
1588 755 1688 782 meo
1716 736 1967 782 concedere:
1996 722 2117 784 lubet
2145 744 2236 787 ani-

593 824 716 853 mum
737 805 882 866 ,lubet
900 807 1230 852 admirationem
1259 803 1433 867 pascere.
1457 807 1618 864 ero
1645 819 1694 847 ex
1719 801 1858 858 vobis,
1881 799 2111 865 grauissimi
2143 803 2234 852 san,

592 868 849 934 &issimique
876 874 1012 918 Patres
1026 910 1039 930 ,
1058 867 1206 928 Basili,
1234 869 1474 932 Augustine
1489 906 1501 925 ,
1520 870 1790 929 Hieronyme
1803 905 1816 925 ,
1846 875 1889 913 &
1917 866 2234 930 prudentissimi

590 937 913 983 trastandorum
932 938 1180 982 animorum
1201 932 1378 980 artifices
1396 936 1578 979 :Homo
1596 931 1827 994 quispiam,
1847 930 2118 981 scientiarum
2135 952 2234 997 om„

588 1005 713 1048 nium
742 1001 880 1061 rudis,
902 1010 945 1048 δε
964 1019 1052 1047 non
1071 996 1150 1047 nisi
1166 1004 1269 1045 inter
1286 998 1519 1046 castrorum
1541 996 1746 1042 clamores
1773 994 2062 1061 lituorumc'lue
2085 1017 2233 1055 cantus

587 1067 640 1112 ad
663 1065 863 1114 bellicam
884 1070 1088 1113 virtutem
1113 1065 1375 1128 inanemque
1394 1063 1575 1128 gloriam
1610 1061 1831 1119 educatus³
1859 1061 2114 1109 militaribus
2143 1064 2232 1112 stu-

587 1131 666 1178 diis
686 1131 772 1178 alto
791 1130 987 1195 quodam
1008 1134 1156 1177 animo
1172 1133 1373 1176 nuntium
1401 1131 1601 1174 remittit:
1630 1128 1653 1174 a
1683 1125 1804 1180 rebus
1833 1127 2034 1174 humanis
2053 1128 2106 1175 ad
2123 1128 2233 1178 diui-

583 1214 658 1242 nas
678 1198 714 1242 se
733 1197 952 1243 transferre
969 1195 1073 1241 serio
1090 1198 1271 1258 cogitat:
1286 1211 1428 1257 neque
1449 1197 1494 1240 in
1514 1192 1631 1238 suam
1649 1197 1771 1240 Vnius
1786 1191 1972 1251 tantum,
1986 1192 2050 1241 sed
2069 1197 2111 1241 in
2127 1194 2233 1249 alio-

583 1276 679 1308 rum
708 1261 882 1308 salutem
910 1277 1006 1306 toto
1034 1262 1207 1323 pectore
1239 1258 1491 1306 incumbere
1508 1257 1779 1306 vehementer
1804 1256 2036 1317 desiderat,
2065 1266 2231 1321 paratus

583 1339 672 1372 non
691 1325 941 1384 valetudini,
960 1343 1050 1371 non
1066 1323 1221 1383 labori,
1242 1342 1332 1371 non
1359 1326 1453 1372 vitae
1470 1341 1650 1387 parcere.
1671 1323 1796 1384 Qid
1821 1334 1939 1384 agat?
1955 1323 2061 1387 quid
2080 1325 2231 1374 molia-

583 1407 648 1437 tur
665 1399 681 1436 ,ἓ
714 1390 819 1455 quid
838 1391 897 1436 est
914 1430 927 1450 ,
952 1391 1070 1453 quod
1091 1390 1170 1436 liae
1189 1390 1364 1436 tandem
1382 1390 1433 1437 de
1451 1407 1491 1436 re
1508 1387 1630 1436 vobis
1650 1387 1776 1452 possit
1795 1388 1955 1434 videri?
1980 1389 2178 1437 Profecto
2197 1392 2228 1441 fi

581 1455 691 1502 redte
721 1456 902 1502 vestram
931 1458 1214 1520 integritatem
1247 1470 1371 1519 atque
1399 1455 1666 1518 prudentiam
1685 1457 1902 1517 cognoui,
1933 1471 2022 1499 non
2043 1454 2228 1507 multum

581 1537 653 1566 me
669 1519 796 1578 fallit,
815 1519 844 1567 fi
863 1519 1160 1579 consulamini,
1180 1520 1286 1583 quid
1306 1518 1389 1567 sitis
1411 1518 1659 1582 responsuri.
1680 1518 1875 1564 Primum
1903 1522 2001 1564 vitae
2029 1526 2228 1570 anteactae

581 1585 805 1633 commiss‘a
822 1589 1002 1649 expiare:
1023 1585 1177 1632 deinde
1198 1584 1251 1631 ad
1271 1584 1540 1631 declinandas
1558 1582 1769 1630 illecebras
1790 1587 1995 1632 Vitiorum
2015 1588 2059 1631 in
2081 1584 2227 1652 aliquo

579 1649 701 1713 specu
724 1650 910 1698 latitare:
938 1648 1050 1708 illic,
1069 1648 1101 1698 fi
1115 1650 1294 1714 quidem
1321 1666 1443 1696 tanto
1459 1648 1604 1696 alienae
1629 1647 1769 1696 salutis
1791 1646 1998 1697 desiderio
2019 1665 2224 1714 teneatur,

578 1713 661 1761 hac
675 1716 727 1763 de
746 1715 884 1762 causffi
898 1719 1064 1763 ieiuniis
1091 1724 1134 1763 &
1158 1714 1247 1762 aliis
1269 1715 1543 1778 asperitatum
1565 1715 1715 1761 formis
1734 1732 1886 1778 corpus
1902 1730 2096 1775 atterere,
2110 1721 2153 1765 in
2169 1719 2228 1772 sa-

579 1784 656 1826 cris
682 1780 995 1846 precationibus
1021 1781 1146 1828 horas
1172 1779 1412 1844 complures
1431 1780 1628 1843 quotidie
1647 1798 1801 1843 ponere
1819 1799 1828 1824 ε
1848 1796 1921 1826 aut
1938 1780 2045 1832 certe
2059 1821 2071 1839 ,
2093 1779 2123 1829 fi
2143 1783 2226 1836 hoc

579 1844 736 1894 robore
756 1849 891 1894 animi
909 1863 1033 1911 atque
1054 1847 1133 1893 hae
1151 1845 1297 1892 indole
1313 1849 1475 1894 virtutis
1502 1855 1545 1893 &
1563 1848 1833 1896 continentiae
1855 1839 1931 1904 sit,
1949 1862 1994 1897 vt
2018 1844 2103 1893 fine
2121 1867 2226 1896 con,

578 1915 755 1975 ragione
774 1911 901 1959 vllius
919 1912 1195 1975 turpitudinis
1211 1930 1258 1958 ae
1274 1910 1435 1958 sceleris
1451 1915 1495 1958 in
1513 1910 1735 1975 publicum
1759 1911 1898 1973 egredi
1921 1911 1958 1956 se
1982 1912 2093 1974 posse
2119 1931 2225 1962 con-,-

577 1974 709 2035 fidat,
729 1978 867 2024 facem
900 1976 1106 2024 omnibus
1132 1977 1184 2023 ad
1201 1995 1381 2024 omnem
1405 1976 1670 2023 honestatem
1699 1976 1895 2038 prceferre.
1923 1974 2127 2024 Dubitari
2152 1985 2225 2028 vix

576 2042 742 2104 potest,
770 2046 876 2106 quin
895 2039 925 2088 fi
952 2041 1132 2089 audiatis
1150 2042 1379 2089 bominem
1398 2041 1443 2088 id
1460 2045 1586 2088 aetatis
1614 2041 1667 2088 ad
1693 2040 1872 2104 spinosas
1904 2045 2226 2094 Grammatico-

574 2123 672 2154 rum
693 2106 1067 2171 praeceptiunculas
1087 2107 1336 2154 hauriendas
1351 2107 1427 2153 sese
1444 2122 1686 2154 conuertere
1704 2144 1715 2163 ,
1736 2104 1851 2152 illico
1871 2106 2098 2160 iudicaturi
2120 2107 2222 2171 sitis,

574 2171 667 2217 haec
682 2172 736 2219 ab
753 2172 831 2218 illo
851 2173 989 2220 studia
1004 2189 1159 2219 conatu
1188 2173 1368 2236 quidem
1396 2189 1557 2235 magno
1572 2212 1584 2231 ,
1607 2171 1747 2217 fructu
1765 2169 1866 2218 vero
1885 2175 2073 2218 minimo
2096 2175 2225 2223 susce-

574 2253 700 2300 ptum
720 2241 782 2284 iri.
804 2237 883 2284 Sed
902 2238 1010 2301 quid
1026 2256 1106 2300 ego
1130 2241 1186 2284 ita
1203 2255 1346 2301 graues
1365 2237 1558 2301 personas
1576 2236 1749 2282 induxi?
1777 2239 1988 2284 nimirum
2006 2254 2064 2298 vt,
2084 2235 2115 2286 fi
2132 2239 2224 2288 san·
2291 2245 2293 2292 j

574 2301 748 2349 &rissimi
765 2302 827 2349 illi
840 2306 975 2349 Patres
996 2303 1067 2349 hic
1083 2304 1240 2349 iudices
1256 2303 1447 2362 sedeant,
1465 2320 1545 2366 ego
1559 2319 1648 2348 non
1666 2302 1995 2365 perorando,sed
2014 2321 2103 2350 rem
2121 2303 2222 2353 sim.-
2290 2305 2292 2354 ,ἒ

573 2367 676 2429 plici
690 2386 737 2414 ac
754 2368 868 2414 mid-3
882 2372 1075 2415 oratione
1102 2370 1386 2432 proponendo
1412 2371 1687 2423 conuincam,
1706 2370 1793 2426 IEs
1813 2385 1840 2415 v
1858 2384 1895 2414 M
1924 2371 1967 2414 in
2002 2368 2220 2421 molienda
2290 2385 2291 2393 ¹

574 2437 780 2480 Societate
808 2433 970 2496 prorsus
1003 2433 1305 2481 admirabilem
1345 2433 1551 2480 exstitille.
1589 2432 1716 2495 Qd
1753 2435 1869 2479 enim
1887 2442 1898 2477 ?
1931 2435 2218 2496 potueruntne

573 2502 696 2546 Vnius
712 2497 856 2544 militis
873 2498 1008 2545 studia
1023 2516 1110 2545 tam
1128 2498 1215 2544 sero
1242 2498 1422 2562 suscepta
1441 2497 1633 2544 laceratas
1656 2517 1703 2544 ac
1725 2497 1940 2545 distraestas
1966 2503 2127 2563 pietatis
2156 2519 2220 2549 at-
2286 2499 2289 2517 ⁵

570 2581 654 2626 que
673 2563 880 2611 doffitrinae
892 2564 1088 2628 reliquias
1106 2563 1302 2628 colligere
1316 2572 1358 2610 δε
1372 2563 1846 2625 instaurare?potuerunt
1867 2563 2122 2612 incursiones
2136 2567 2218 2615 illa:
2285 2563 2287 2615 J

571 2627 864 2675 haereticorum
882 2633 1204 2693 atqueimpetus
1217 2646 1304 2675 tam
1332 2628 1510 2674 furentes
1530 2647 1576 2675 ac
1592 2627 1795 2684 violenti,
1818 2645 1864 2676 vt
1877 2648 2027 2676 omnes
2052 2633 2213 2694 Reipu-
2284 2678 2285 2683 ,

570 2691 694 2741 blicce
711 2693 967 2741 Christianae
983 2711 1112 2759 partes
1133 2693 1438 2741 labefiierandae
1457 2692 1698 2742 viderentur
1711 2732 1722 2751 ,
1740 2693 1787 2739 ea
1804 2712 1935 2757 quam
1957 2694 2095 2742 modo
2123 2697 2214 2747 dixi
2282 2726 2284 2754 4

569 2758 864 2806 imbecillitate
881 2758 1087 2807 sustineri?
1108 2759 1362 2819 Enimuero,
1377 2757 1407 2805 fi
1425 2763 1517 2819 quis
1541 2778 1589 2805 ex
1614 2757 1696 2805 alt-2
1723 2757 1883 2821 speculfi
1900 2758 2058 2806 abliinc
2075 2779 2212 2810 annos
2282 2757 2283 2762 ¹

569 2840 743 2870 centum
762 2825 1073 2888 contemplatus
1087 2825 1235 2884 fuiss'et,
1252 2841 1412 2889 quanta
1428 2823 1690 2888 flagitiorum
1710 2843 1756 2870 ae
1769 2823 2094 2905 deprauatarum
2117 2832 2215 2891 opi-
2280 2831 2281 2845 ³

569 2891 753 2934 nionum
772 2888 884 2936 labes
901 2891 990 2937 tota
1006 2895 1063 2937 Eu
1073 2891 1174 2952 ropa
1192 2890 1267 2936 sese
1284 2890 1499 2954 panderet,
1513 2890 1644 2954 qurim
1663 2892 1840 2952 impune
1853 2889 2214 2952 pestilentissimo-
2276 2928 2278 2936 ⁴

568 2953 911 3000 nimbominum
929 2954 1133 3001 colluuies
1161 2954 1471 3002 florentiffimas
1500 2952 1830 3019 vastislimasq'ue
1847 2959 2035 3018 regiones
2064 2974 2212 3019 perua-
2276 2969 2278 3006 ἶ

568 3034 749 3081 garetur,
766 3020 899 3083 quam
924 3021 1084 3082 exigua:
1097 3039 1144 3065 ac
1162 3019 1479 3084 propemodum
1500 3019 1628 3066 nullae
1651 3035 1871 3083 agerentur
1889 3020 2084 3067 aduersus
2112 3021 2210 3071 illos
2274 3067 2275 3070 ,

566 3082 799 3146 perduelles
816 3083 958 3130 multis
978 3088 1020 3129 in
1046 3084 1148 3130 locis
1169 3085 1374 3133 excubiae:
1398 3085 1551 3131 deinde
1571 3084 1600 3132 si
1617 3083 1948 3149 cogitationibus
1969 3090 2212 3150 (quoniam
2273 3078 2275 3132 i

565 3147 690 3211 agiles
708 3167 756 3194 ac
773 3147 914 3196 liberte
938 3149 1055 3207 sunt)
1075 3151 1119 3196 in
1136 3150 1348 3208 Africam,
1365 3154 1407 3197 in
1426 3148 1575 3196 Asiam
1593 3189 1606 3209 ,
1634 3153 1675 3196 in
1704 3152 1952 3197 American]
1976 3150 2015 3202 se
2032 3169 2209 3201 conuer-

564 3214 700 3273 tiffet,
720 3212 1085 3277 obseruasl'etque,
1115 3215 1247 3278 quam
1279 3213 1366 3261 illic
1384 3214 1674 3262 miserandum
1706 3219 1749 3260 in
1779 3215 1962 3262 modum
1989 3216 2207 3278 prostratae

564 3277 786 3342 Religioni
811 3281 965 3326 visti-ix
988 3282 1180 3341 impietas
1202 3279 1431 3326 insultaret:
1452 3279 1736 3343 postremfim,
1752 3277 1782 3326 fi
1799 3279 1852 3326 ad
1869 3279 2058 3328 scholam
2083 3281 2206 3332 illam
2268 3284 2269 3317 ἶ

561 3343 779 3391 retorsisset
794 3342 958 3404 oculos,
978 3347 1021 3389 in
1039 3343 1123 3408 quii
1140 3344 1216 3391 sub
1245 3343 1547 3408 ludimagistro
1576 3343 1883 3408 repuerascebat
1900 3347 2085 3408 Ignatius
2096 3387 2109 3407 ,
2127 3348 2206 3395 ho-
2266 3385 2267 3390 ,

559 3427 639 3457 mo
654 3413 784 3458 trium
803 3428 850 3458 ac
865 3413 1037 3475 triginta
1049 3427 1264 3458 annorum
1283 3413 1427 3460 aetatis:
1455 3410 1562 3470 liaec,
1580 3413 1760 3473 inquam
1776 3448 1790 3469 ,
1805 3416 1956 3458 onmia
1977 3409 2007 3458 si
2023 3412 2083 3459 ob
2100 3429 2203 3459 ocu-

2138 3476 2202 3526 los
