2321 4013
229 278 388 321 LIBER
428 276 649 321 SEXTVS.
698 277 970 320 SOCIETAS
1002 278 1569 324 FLANDRo-BELGICA.
1650 285 1757 336 797

398 422 920 500 CAP1T15111.
989 426 1319 479 SECTio
1374 428 1453 481 11.

610 554 699 613 De
720 552 1033 637 Mssz'om'bm
1057 553 1240 617 arduis.

231 684 402 729 Ximias
420 699 605 747 quatuor
618 681 841 731 Miffiones
856 683 985 732 habet
1001 683 1374 749 Flandro-Belgica
1394 691 1591 748 Societas,
1609 688 1662 736 ad
1678 693 1759 737 Ba-

230 764 367 809 tanos,
393 749 447 796 ad
464 766 605 808 naueS,
624 747 678 794 ad
697 749 839 805 castra,
860 749 915 795 ad
933 750 1113 796 infeeoes
1132 749 1224 796 lue:
1242 769 1344 814 quas
1360 790 1372 810 ‚
1405 757 1506 815 quia
1523 753 1680 801 laboris
1694 761 1758 802 in-

58 873 65 879 ·
107 816 242 879 gentis
258 813 353 860 sunt
366 814 716 878 praeieiitiuinqiie
730 813 1189 878 periculorum‚merito
1205 815 1370 862 Arduas
1387 824 1668 866 nominamus
1684 860 1696 879 ‚
1715 830 1759 869 δε

107 880 131 928 a
144 879 425 926 fimffionum
443 877 719 926 multitudine
735 881 941 926 ieiunC‘tas
958 877 1157 926 finoulan
1169 897 1408 928 narratione
1422 883 1673 946 iuscepimus
1690 904 1759 932 ex-

109 941 321 1010 plicandas
340 981 349 990 .
396 948 447 991 Et
476 943 788 991 Hollandicam
809 944 987 1010 quidem
1012 920 1145 991 ‹Iit-ere
1170 946 1432 1010 aggredienti
1453 947 1597 994 statim
1624 949 1760 997 multa
1778 972 1805 992 Μ
1820 971 1831 992 1
1848 970 1861 993 s
1875 971 1889 992 s
1908 971 1918 992 1
1937 973 1960 994 ο

109 1008 239 1057 ardua
253 1010 291 1057 le
306 1009 504 1075 produnt.
550 1008 744 1057 Primum
758 1009 931 1059 vincula
945 1019 988 1058 &
1004 1029 1178 1058 carceres
1193 1036 1203 1070 3
1222 1030 1409 1076 quorum
1424 1012 1528 1076 saepe
1543 1013 1758 1077 perpeffio,
1778 1018 1949 1041 nonm-

108 1076 269 1140 semper
293 1073 528 1140 periculum
543 1084 587 1123 &c
606 1093 755 1122 metus.
796 1075 967 1122 Deinde
983 1093 1180 1140 perpetua
1194 1075 1388 1124 latitandi
1405 1078 1762 1142 necessitaS,gemis
1780 1066 1883 1089 mezi.

110 1141 400 1188 miserrimum
417 1145 683 1205 captiuitatis.
726 1145 864 1189 Graue
880 1141 940 1189 est
954 1140 1206 1189 hominibus
1225 1146 1418 1207 ingenuis
1434 1151 1477 1190 ὃς
1495 1147 1678 1191 innoxiis
1699 1163 1765 1192 ara

110 1209 189 1253 ceri
206 1205 398 1271 publico,
414 1206 572 1253 durum
587 1204 681 1253 luce
700 1215 743 1254 &
761 1211 987 1254 communi
1002 1216 1092 1255 a'e're
1108 1207 1334 1271 prohiberi.
1356 1206 1660 1256 Sceleratorum
1677 1210 1765 1258 istae

111 1272 207 1321 sunt
223 1291 377 1337 poenae:
394 1289 436 1319 at
449 1275 543 1336 quis
559 1290 773 1336 vmquam
788 1276 990 1319 innocens
1004 1273 1105 1336 fuga
1120 1281 1163 1320 ὃς
1180 1272 1357 1321 tenebris
1374 1274 1451 1320 lese
1463 1273 1666 1335 defendit,
1683 1272 1765 1324 nisi

111 1336 303 1386 aduersus
328 1340 556 1385 iniuriam?
583 1341 676 1384 Iam
705 1354 813 1403 quot
838 1342 944 1384 curis
961 1376 974 1398 ,
1001 1355 1109 1403 quot
1134 1338 1288 1404 vigiliis
1303 1379 1317 1399 ‚
1343 1343 1510 1403 quantis
1541 1338 1761 1389 laboribus

112 1402 341 1470 pascendus
359 1405 400 1450 C
419 1420 453 1450 H
471 1420 503 1450 R
521 1419 537 1450 1
561 1420 579 1449 s
599 1420 628 1450 T
646 1420 662 1450 1
679 1421 774 1467 grex
788 1407 895 1450 inter
911 1420 975 1451 tot
989 1402 1128 1467 lupos,
1145 1421 1234 1451 tam
1249 1402 1373 1453 sterili
1387 1403 1477 1453 solo
1497 1413 1539 1453 ὃς
1553 1404 1763 1471 maligno!

113 1468 194 1517 Sed
204 1473 322 1516 enim
347 1472 455 1516 tanti
475 1477 517 1515 ὃς
534 1466 662 1532 pluris
680 1468 738 1516 est
769 1467 835 1516 vel
858 1485 1092 1532 paucorum
1117 1469 1246 1529 lalus,
1272 1469 1374 1534 quid
1408 1470 1645 1518 multorum
1666 1470 1766 1519 mil-

113 1533 252 1583 lium?
277 1533 411 1600 quid,
433 1534 551 1598 paene
564 1533 743 1581 dixerim
761 1572 774 1594 ,
793 1532 1091 1583 infinitorum?
1116 1534 1201 1582 sol-3
1231 1537 1298 1599 spe
1313 1534 1449 1582 meffis
1479 1535 1768 1600 quantossibet

113 1599 277 1650 sudores
293 1600 387 1648 suos
403 1597 558 1646 solatur
584 1597 779 1663 agricola3
797 1598 922 1647 nobis
939 1601 1045 1664 leges
1057 1598 1279 1647 certiffima
1297 1609 1339 1648 δε
1359 1599 1477 1648 messi
1495 1605 1584 1648 iam
1599 1619 1765 1650 matura

117 1671 389 1731 proponitur.
403 1663 571 1713 Verum
585 1665 710 1712 misso
724 1666 921 1728 tantisper
936 1664 1080 1712 labore
1093 1665 1337 1731 fruetuc‘lue,
1354 1666 1538 1727 caussam
1554 1659 1688 1731 ipsam
1704 1685 1767 1715 at-

116 1749 200 1796 que
211 1735 426 1795 originem
445 1727 663 1777 Missionis
680 1728 861 1777 breuiter
879 1747 1135 1776 enarremus.
1698 1774 1702 1778 .

184 1796 387 1843 Diuisum
405 1793 604 1859 Belgium
619 1811 716 1841 erat.
738 1798 890 1858 partim
907 1798 998 1843 Rex
1014 1833 1027 1854 ,
1044 1798 1199 1859 partim
1218 1794 1420 1842 Foederati
1450 1791 1636 1843 Ordines
1651 1794 1767 1844 obti-
1785 1810 1885 1856 Origo

116 1858 287 1910 nebant.
328 1866 492 1924 Regem
508 1858 754 1924 lequebatur
784 1858 955 1924 Religio
971 1900 982 1919 ‚
1009 1858 1168 1908 haerefis
1183 1860 1419 1908 Foederatos
1442 1897 1450 1907 .
1479 1860 1563 1908 hoc
1583 1861 1770 1909 maxime}
1790 1857 1958 1904 Miffiona

119 1925 294 1976 vinculo
308 1924 528 1974 constabat
543 1923 682 1972 foedus
698 1945 707 1972 :
726 1943 803 1972 nec
827 1931 944 1972 enim
963 1925 1095 1972 stante
1111 1924 1336 1989 Religione
1358 1925 1610 1974 rebellarent.
1631 1931 1773 1991 itaque

121 1989 335 2040 firmanda
348 1989 508 2039 haerefis
523 2007 623 2050 erat,
639 1988 669 2038 fi
697 1988 869 2037 firmam
886 1988 1041 2039 vellent
1053 1989 1273 2038 nouellam
1289 1990 1642 2055 Rempublicam3
1658 1990 1774 2040 Reli-

125 2061 201 2122 gio
215 2057 496 2122 opprimenda
510 2094 519 2103 .
572 2055 705 2102 Haud
728 2057 903 2120 segniter
934 2055 978 2103 id
994 2059 1142 2103 aestum
1160 2093 1169 2102 .
1195 2060 1317 2103 Breui
1335 2060 1367 2102 is
1394 2057 1520 2104 status
1538 2057 1617 2103 fuit
1635 2095 1648 2116 ,
1665 2074 1711 2106 vt
1728 2062 1772 2105 in

128 2122 278 2187 Belgio
294 2122 528 2181 Foederato,
552 2125 622 2169 vix
634 2139 726 2186 pars
742 2120 994 2168 mortalium
1010 2120 1332 2186 quadragesima
1363 2121 1510 2169 cultrix
1527 2125 1649 2168 auita:
1660 2122 1773 2169 Fidei

124 2189 279 2236 credita
293 2188 355 2236 sit.
409 2185 543 2252 Qid
559 2190 723 2233 mirum
741 2196 754 2233 ?
772 2185 890 2233 nulla
907 2185 1059 2234 scabies
1072 2227 1086 2247 ,
1103 2173 1220 2234 nulla
1236 2187 1359 2252 pestis
1374 2186 1494 2252 aeque
1508 2227 1521 2247 ,
1535 2203 1582 2236 vt
1597 2185 1775 2248 haeresss,

125 2253 381 2319 contagiosa.
402 2258 453 2301 Et
470 2257 513 2300 in
527 2252 643 2300 tanta
657 2250 802 2300 morbi
815 2252 1061 2317 grassatione
1076 2252 1243 2299 deerant
1257 2256 1332 2317 qui
1350 2251 1534 2299 remedia
1560 2250 1767 2300 afferrent.

127 2320 362 2368 Sacerdotes
381 2317 549 2384 pauculi
567 2358 579 2378 ,
610 2327 652 2366 ὅ(
667 2317 748 2364 fere
773 2336 842 2382 pei·
861 2334 1028 2365 aetatem
1049 2317 1241 2365 inidonei
1257 2316 1468 2366 restabant
1498 2337 1509 2363 ε
1536 2321 1627 2382 quis
1659 2336 1777 2365 cura-

129 2402 190 2433 ret
207 2384 529 2451 supplementa?
560 2388 760 2430 Inuentus
773 2383 831 2431 est
845 2387 950 2430 inter
965 2402 1119 2448 paucos
1136 2402 1244 2432 vnus
1269 2386 1447 2430 Ioannes
1465 2387 1644 2430 Smetius
1665 2386 1780 2448 Lug-

127 2450 475 2511 duno-Batauus,
489 2453 577 2515 pari
595 2448 818 2513 prudenti-'a
831 2458 874 2497 ὃς
887 2448 980 2497 zelo
995 2448 1207 2509 Sacerdos,
1224 2452 1300 2514 qui
1316 2450 1436 2496 suam
1451 2453 1634 2513 patriam
1650 2453 1777 2496 mile-

131 2533 260 2577 ratus‚
274 2521 530 2565 Romanum
544 2518 621 2561 iter
637 2511 850 2578 capeffiuit
865 2554 878 2575 ,
896 2512 1085 2579 praesidia
1107 2513 1180 2562 abs
1197 2519 1403 2563 Romano
1436 2510 1646 2561 Pontifice
1671 2518 1780 2578 peti-

132 2598 246 2629 turus
267 2619 276 2628 .
326 2580 503 2629 Sedebat
535 2597 630 2627 tum
662 2579 716 2626 ad
735 2578 920 2627 Ecclcfiae
947 2578 1232 2644 gubernacula
1252 2578 1455 2626 Clemens
1484 2582 1604 2628 VIII.
1631 2583 1705 2644 qui
1737 2589 1782 2629 ὃς

133 2645 373 2695 multorum
389 2645 529 2696 litteris
550 2655 592 2693 &
610 2645 801 2693 sermone
815 2644 1016 2692 didicerat
1033 2645 1252 2692 funestum
1272 2644 1450 2709 Belgicae
1466 2644 1625 2692 statum
1645 2662 1655 2691 :
1683 2662 1782 2709 pro.—

133 2712 234 2760 inde
245 2710 278 2760 fi
290 2731 422 2778 quam
437 2712 607 2760 afflicstae
625 2715 682 2757 rei
697 2709 935 2758 Catholicae
963 2730 1091 2774 opem
1106 2711 1207 2757 ferre
1224 2710 1356 2774 posset
1371 2751 1384 2770 ,
1402 2709 1524 2757 anxie
1541 2711 1783 2774 circumspi—

136 2777 284 2826 ciebat.
331 2777 484 2825 Adfuit
500 2781 745 2840 intempore
760 2780 957 2836 Smetius,
971 2785 1014 2824 ὃς
1030 2775 1162 2840 Belgij
1184 2776 1388 2823 Foederati
1401 2775 1553 2822 faciem
1569 2774 1685 2822 haud
1702 2779 1786 2822 mi—

136 2842 344 2892 serabilius
359 2844 494 2908 quam
507 2840 638 2891 verius
664 2843 930 2906 repraesentat.
951 2841 1179 2906 Ingemuit,
1195 2857 1242 2890 vt
1259 2860 1330 2906 par
1355 2858 1452 2902 erat,
1466 2858 1533 2888 tot
1549 2845 1702 2888 ouium
1721 2840 1784 2887 di-

138 2911 244 2957 uino
257 2910 456 2974 sanguine
472 2906 958 2956 aestimatarum'iaffi'turz'i
974 2912 1200 2971 Supremus
1219 2926 1296 2970 pro
1312 2910 1352 2953 C
1375 2924 1408 2953 H
1430 2923 1461 2954 R
1481 2924 1496 2954 1
1517 2925 1534 2953 s
1553 2924 1583 2953 T
1600 2923 1631 2952 o
1650 2910 1692 2953 in
1707 2923 1785 2952 rer·

63 2972 65 2976 ’
105 3003 108 3006 <
140 2976 192 3022 ris
207 2975 367 3023 Pastor.
387 2979 484 3022 Nec
509 2978 616 3021 intra
630 2976 842 3036 gemitum
857 2973 967 3020 stetit
983 2973 1298 3020 commiseratio
1317 2992 1327 3018 τ
1345 2971 1399 3019 ad
1413 2970 1639 3035 quaerenda
1652 2989 1784 3018 reme-

143 3037 214 3086 dia
240 3041 461 3088 conuersus
482 3080 494 3099 ‚
513 3039 654 3103 ipsum
672 3041 716 3084 in
740 3042 884 3100 primis
904 3041 1134 3101 interrogat
1150 3041 1360 3084 Smetium
1378 3077 1389 3096 ,
1407 3036 1667 3101 quibusnam
1686 3052 1786 3098 prx-

143 3105 265 3169 cipue
279 3109 377 3153 viris
392 3124 439 3152 ea
456 3105 691 3168 Religionis
709 3102 763 3150 ab
791 3107 958 3150 interitu
972 3102 1239 3151 vindicandte
1268 3121 1365 3149 cura
1380 3102 1487 3150 bene
1505 3099 1788 3165 sapienterciue

145 3168 443 3218 demandanda
457 3169 659 3219 videatur.
672 3166 740 3215 ille
754 3172 1002 3216 Societatem
1015 3171 1036 3216 1
1050 3185 1072 3216 Ε
1088 3186 1104 3214 s
1128 3186 1155 3216 v
1179 3172 1380 3215 nominat
1396 3208 1408 3227 ‚
1439 3177 1481 3214 ὃς
1506 3171 1610 3213 inter
1635 3164 1785 3210 causias
1805 3173 1939 3206 sociem

147 3237 323 3283 recenset
340 3276 355 3296 ‚
381 3241 643 3283 Batauorum
662 3232 819 3281 multos
839 3238 883 3281 in
908 3253 1003 3281 eam
1024 3233 1250 3298 adscriptos
1278 3232 1412 3280 ardere
1434 3234 1573 3294 patriae
1593 3227 1787 3275 iuuandae
1804 3232 1987 3313 Ζξῐῇῗίῇζ*

149 3299 349 3348 desiderio
361 3341 374 3361 ,
397 3301 560 3349 ciuibus
577 3301 655 3347 suis
682 3316 817 3363 gratos
832 3298 1010 3347 indubie
1024 3299 1198 3346 futuros.
1224 3297 1384 3345 Placuit
1401 3295 1618 3343 Clementi
1636 3297 1679 3340 in
1694 3313 1788 3340 eam
1806 3329 1885 3350 nem.
1910 3282 1923 3314 J

150 3366 462 3431 expeditionem
480 3364 748 3433 potissimum
775 3369 863 3431 peti
880 3369 992 3416 viros
1010 3404 1023 3426 ,
1047 3383 1154 3476 qiliols
1177 3361 1432 3474 1Apostolica
1451 3359 1570 3408 Sedes
1595 3358 1793 3471 pecisiliari

266 3458 269 3460 ·
399 3450 403 3453 ’
1027 3434 1072 3476 Η
1097 3449 1114 3475 1
1140 3449 1159 3475 ι
1188 3448 1205 3474 1
1233 3447 1248 3472 i
1289 3447 1304 3486 3
1689 3442 1798 3473 acra-
