2326 4080
208 332 406 376 LIBER
441 332 715 373 PRIMVS.
757 330 1103 372 SOCIETAS
1145 331 1482 378 NASCENS·
1588 338 1684 377 111

22 425 26 430 ’
50 415 131 473 que
148 407 342 454 instituto
362 405 444 453 hoc
459 403 728 469 purissimum
751 422 905 451 aurum
931 407 1199 451 correctum?
1221 421 1307 452 erat
1324 402 1409 451 fine
1424 406 1565 454 scoti-si.
1586 409 1689 456 sere-

52 471 268 521 niflimum
293 470 374 518 hoc
391 469 609 533 speculum
634 470 870 517 detersum?
899 481 983 516 erat
1006 467 1091 515 fine
1116 468 1295 529 macula.
1315 469 1587 518 laeuisfimum
1604 474 1690 521 hoc

52 554 239 587 marmor
264 534 520 599 expolitum?
538 552 622 582 erat
643 527 728 581 sine
744 534 944 582 scabritie.
971 532 1295 581 sincerissimum
1322 534 1405 580 hoc
1422 535 1690 586 frumentum

51 601 347 650 euentilatum?
363 618 447 647 erat
464 598 549 647 fine
563 600 703 663 paleis.
720 604 990 664 integerrima
1009 600 1098 645 haec
1117 603 1213 647 vitis
1228 610 1401 662 putata?
1418 616 1505 645 erat
1522 594 1608 646 fine
1626 602 1692 648 su-

50 671 264 733 peruacuis
280 667 511 713 sarmentis.
539 669 711 725 Homo,
731 668 910 729 inquam
925 704 938 724 ,
956 669 1158 711 omnium
1173 664 1405 711 hominum
1432 666 1693 713 innocentis-

50 733 176 780 simus
199 730 494 778 circumcisus?
519 747 604 777 erat
621 728 708 778 sine
725 734 913 777 crimine.
929 729 1061 794 Qid
1084 733 1215 793 igitur
1240 729 1388 776 cauisae
1405 728 1492 776 est?
1514 731 1620 793 qnid
1638 732 1693 778 ad

51 798 139 845 haec
152 800 471 860 Virgo-mater?
498 794 575 842 Illa
592 796 700 842 1111111
717 813 815 855 ore,
836 795 903 842 sed
920 794 1121 859 adspectu
1142 792 1293 841 flebilis
1314 793 1451 840 adstat
1475 792 1694 857 spechen-

54 862 112 921 10,
129 878 216 909 tam
232 861 368 908 saucia
380 862 524 920 corde,
543 861 677 925 quam
697 860 820 907 Filius
844 878 993 918 carne3
1022 857 1236 924 seruatque
1257 863 1409 905 omnia
1426 860 1516 906 haec
1533 863 1578 906 in
1596 878 1692 909 cor-

51 929 103 974 de
116 927 203 973 suo.
230 929 365 973 Tacet
378 925 557 973 vicissim
573 926 700 990 (quid
718 930 833 972 enim
850 925 966 972 aliud
985 934 1096 988 agat?
1116 927 1139 982 )
1169 922 1505 971 modestissimus
1525 923 1692 989 Ioseph,

54 1001 97 1039 ὃς
120 992 304 1055 depresso
329 991 444 1038 collo
460 992 677 1055 tragoediae
698 991 820 1037 huius
837 990 1048 1054 spestator
1078 989 1331 1053 ingemiscit.
1349 993 1439 1036 Vos
1467 1007 1547 1054 ego
1572 1008 1693 1038 com-
1714 1010 1867 1053 qum-itur

51 1056 180 1120 pello,
198 1075 274 1103 vos
288 1057 430 1114 testor,
452 1056 640 1104 eiusdem
666 1055 882 1120 tragoediae
904 1055 1152 1120 spectatores
1172 1074 1219 1102 ac
1235 1054 1353 1101 testes
1373 1054 1528 1118 Angeli
1547 1095 1560 1115 ‚
1586 1057 1692 1120 quid
1715 1055 1753 1108 ψ
1769 1058 1881 1105 Ange-

53 1122 224 1169 tandem
245 1122 388 1169 canisae
403 1122 486 1181 est,
509 1139 582 1168 cur
598 1121 761 1179 infans,
782 1129 824 1167 ὃς
843 1121 984 1168 insons
1002 1119 1293 1185 quidem‚haec
1310 1123 1491 1183 patitur?
1512 1139 1584 1167 cur
1601 1125 1694 1170 vim
1717 1103 1771 1145 [ις’

53 1206 230 1234 omnem
254 1205 342 1233 non
361 1186 591 1250 repulistis?
612 1189 695 1245 At,
722 1189 952 1250 inquiunt,
968 1186 1108 1233 homo
1126 1186 1223 1232 cum
1244 1183 1293 1231 sit
1305 1225 1318 1245 ,
1347 1186 1539 1232 humana
1557 1187 1694 1248 passus

54 1253 125 1300 est.
144 1257 235 1316 Ego
248 1251 348 1299 vero
366 1253 527 1299 contra:
552 1255 660 1298 Non
674 1251 815 1298 homo
829 1251 996 1298 tantum
1013 1292 1026 1311 ,
1043 1251 1112 1298 [εά
1131 1260 1174 1298 &
1193 1250 1384 1297 hominis
1402 1251 1543 1314 opifex
1557 1251 1638 1309 est3
1664 1251 1696 1300 fi

55 1322 219 1365 Patrem
243 1317 411 1376 habuit,
429 1333 470 1363 at
488 1315 557 1363 ille
576 1317 784 1363 feminam
803 1315 972 1363 nesciit:
993 1315 1022 1364 fi
1044 1333 1227 1363 matrem
1254 1316 1390 1375 vidit,
1409 1332 1451 1362 at
1474 1315 1547 1364 illa
1574 1322 1696 1383 virgo

55 1386 133 1430 viri
152 1381 286 1429 nescia
313 1381 566 1445 permansit:
594 1385 729 1446 Virgo
757 1380 936 1445 quidem
964 1385 1159 1442 concepit
1185 1381 1409 1441 infantem,
1425 1397 1466 1428 at
1490 1383 1693 1432 eumdem

57 1465 173 1494 aetate
189 1465 362 1511 grauem
378 1451 519 1494 virum
536 1446 842 1493 circumdedit:
870 1445 1044 1509 expletis
1068 1445 1193 1492 illum
1218 1444 1435 1493 mensibus
1452 1452 1612 1509 genuit,
1625 1448 1694 1496 sed

57 1514 128 1560 diu
142 1530 235 1560 ante
252 1511 289 1559 se
303 1516 510 1576 genitum:
526 1528 676 1558 natum
693 1511 954 1570 vocauit,sed
965 1511 1167 1558 eumdem
1182 1526 1344 1574 patrem
1359 1517 1552 1575 agnouit.
1565 1516 1695 1578 Agite

57 1597 154 1643 ergo
170 1582 319 1624 iterum
334 1584 345 1632 (
361 1578 514 1624 dabitis
532 1581 648 1624 enim
667 1577 751 1623 scio
766 1576 875 1624 hanc
890 1576 1000 1624 mihi
1017 1579 1187 1625 veniam
1206 1615 1219 1636 ,
1244 1575 1538 1639 benignissimi
1563 1578 1695 1625 Caeli-

57 1641 233 1703 tes‚s1in
254 1659 341 1690 tarn
363 1642 478 1690 suani
496 1659 753 1707 argumento
779 1641 1005 1690 vobiscum
1031 1659 1209 1706 pergam
1236 1645 1418 1705 argutari
1437 1650 1447 1698 )
1465 1660 1602 1707 nuper
1628 1661 1695 1691 ar·-

59 1727 165 1755 cano
181 1711 323 1755 matris
342 1707 499 1756 latebat
516 1713 559 1755 in
581 1718 724 1755 vtero?
745 1706 811 1754 [εά
829 1706 1035 1754 eumdem
1058 1711 1189 1753 ctiam
1214 1722 1318 1754 tunc
1341 1703 1513 1754 nullum
1539 1713 1696 1756 mentis

57 1774 211 1822 nostrae
227 1772 453 1837 vestrasque
470 1772 628 1821 latebat
645 1791 863 1820 arcanum.
883 1772 1048 1819 iacebat
1065 1776 1109 1818 in
1129 1769 1236 1822 solo?
1256 1788 1298 1819 at
1320 1771 1437 1818 idem
1453 1771 1697 1837 fulgurabat

58 1841 100 1885 in
123 1837 238 1886 caelo.
270 1837 444 1902 sugebat
469 1838 624 1886 vbera?
640 1856 680 1885 at
697 1838 811 1886 idem
831 1838 1003 1902 regebat
1028 1834 1174 1884 sidera.
1197 1837 1399 1901 vagiebat
1414 1841 1458 1884 in
1476 1837 1696 1887 stramine?

59 1921 102 1950 at
125 1904 301 1951 tonabat
325 1908 369 1950 in
398 1904 561 1951 retbere.
590 1903 759 1968 praesepi
780 1902 1082 1950 claudebatur?
1102 1919 1143 1949 at
1159 1901 1352 1950 vniuersa
1375 1903 1700 1967 complectebat-

59 1986 136 2016 tur.
165 1975 275 2033 Qa:
292 1968 387 2016 cum
408 1973 463 2017 ita
478 1967 574 2029 sint,
590 1987 679 2015 non
704 1967 873 2016 tantum
898 1968 1038 2016 insons
1052 2008 1065 2029 ,
1078 1967 1147 2014 [εά
1167 1976 1209 2015 δε
1224 1971 1342 2014 Deus
1360 1967 1442 2015 est:
1463 1970 1541 2033 qui
1559 1976 1698 2033 potuit

60 2052 161 2099 ergo
175 2035 439 2091 circumcidi>
454 2039 569 2081 cuius
586 2038 729 2099 origo,
745 2039 948 2081 :eternitas
963 2059 973 2092 3
989 2037 1104 2079 cuius
1121 2031 1288 2080 libertas
1303 2071 1315 2093 ‚
1334 2034 1538 2096 peccandi
1552 2039 1612 2081 im
1618 2054 1699 2099 po-

59 2103 209 2158 tentia3
236 2104 351 2147 cuius
370 2117 542 2160 natura,
567 2099 752 2159 bomtas3
771 2099 994 2159 voluntas,
1013 2103 1255 2164 integritas3
1275 2116 1402 2162 opus,
1430 2103 1694 2148 innocentia?

62 2165 192 2229 Qud
210 2169 336 2229 igitur
357 2165 502 2212 caussbc
522 2164 628 2228 fingi
651 2181 723 2212 aut
741 2169 910 2229 concipi
929 2165 1092 2228 potest?
1127 2169 1246 2211 Stant
1268 2169 1458 2211 attonitae
1475 2166 1696 2228 Angelicae

63 2230 801 2296 mentes‚tantum<'1uespectaculum
817 2229 983 2277 silentio
1000 2249 1045 2276 ac
1063 2230 1231 2293 stupore
1256 2247 1525 2277 venerantur.
1546 2234 1695 2296 Itaque

22 2296 25 2299 ’
62 2314 162 2359 pace
179 2296 331 2356 vestra,
343 2295 607 2343 immortales
623 2298 818 2353 Animae,
841 2295 893 2342 ad
910 2295 1106 2343 mortales
1126 2314 1195 2342 me
1213 2312 1432 2353 conuerto-,
1447 2295 1501 2342 ad
1518 2315 1611 2357 vos,
1630 2302 1696 2343 in-

63 2379 212 2424 quam,
231 2361 458 2408 Auditores
474 2400 486 2421 ,
505 2377 576 2408 aut
601 2361 737 2424 potius
766 2366 965 2409 Oratores
982 2365 1066 2407 mei
1085 2380 1093 2404 :
1123 2379 1199 2408 vos
1211 2365 1325 2408 enim
1340 2401 1352 2420 ,
1367 2379 1412 2409 vt
1432 2359 1560 2408 libere
1574 2362 1696 2425 qnod

63 2427 195 2473 sentio
211 2425 402 2491 eloquar,
416 2427 545 2473 hodie
560 2425 652 2489 plus
666 2425 1001 2490 quodammodo
1023 2429 1124 2473 iuris
1142 2425 1306 2474 habetis
1324 2427 1457 2490 quam
1485 2427 1583 2489 ipsae
1598 2427 1696 2475 bea-

64 2506 116 2537 tae
131 2508 304 2547 mentes,
321 2491 417 2538 cum
436 2491 488 2538 de
503 2490 677 2539 mortali
696 2495 794 2538 Deo
816 2492 1160 2538 ratiocinandum
1181 2493 1263 2551 est,
1280 2496 1355 2556 qui
1370 2491 1579 2555 nusquam
1605 2495 1697 2539 An-
1720 2483 1840 2513 Herm:

64 2555 195 2620 gelos,
214 2557 279 2603 sed
299 2556 438 2604 semen
454 2557 639 2604 Abrahae
653 2557 945 2621 apprehendit.
965 2559 1221 2621 Loquimini
1238 2575 1312 2604 vos
1332 2562 1474 2621 itaque
1486 2596 1500 2616 ‚
1518 2574 1569 2603 au
1577 2557 1697 2604 dien·
1720 2576 1872 2619 quaeritur

65 2637 205 2682 teme,
220 2640 312 2685 quae
327 2619 375 2669 fit
392 2623 526 2670 caulsa
538 2639 626 2669 tam
654 2623 844 2687 indignae
859 2623 1096 2686 tragoediae:
1122 2638 1248 2686 atque
1273 2626 1316 2668 in
1343 2625 1490 2685 primis
1507 2660 1518 2679 ,
1535 2637 1581 2670 vt
1602 2640 1696 2686 gra-
1719 2620 1757 2654 ab
1769 2620 1905 2657 hommi-

65 2686 198 2733 datim
218 2688 464 2749 procedam,
480 2706 556 2736 vos
577 2687 966 2734 honestissimarum
993 2686 1311 2749 disciplinarum
1330 2684 1581 2734 ornatiffimi
1607 2687 1697 2736 cul-
1719 2668 1784 2703 hm.

67 2766 169 2798 tores
195 2751 441 2816 Philosophi
467 2751 574 2817 quid
598 2753 794 2800 censetis?
830 2753 935 2816 quid
960 2772 1010 2799 ex
1027 2749 1121 2815 ipsis
1147 2769 1307 2799 naturae
1324 2756 1568 2816 principiis,
1589 2754 1695 2817 quid
1800 2797 1832 2831 l*
1878 2798 1885 2800 .

67 2815 183 2879 super
200 2816 278 2865 hac
295 2835 333 2863 re
347 2817 531 2865 adfertis?
551 2817 952 2882 Placuit‚inquiunt,
973 2819 1056 2864 hoc
1076 2817 1303 2865 manifesto
1313 2815 1437 2883 signo
1460 2817 1694 2879 ostendere,
1712 2799 1905 2892 {5751}ssss

67 2880 107 2927 se
123 2897 555 2945 gerinana1n‚veram,
574 2883 807 2930 naturalem
825 2901 995 2930 carnem
1013 2921 1026 2940 ‚
1051 2901 1139 2929 non
1157 2901 1205 2929 ex
1222 2886 1366 2931 vicino
1386 2892 1478 2931 ae're
1500 2885 1696 2931 emendi-
1717 2894 1809 2926 dnus
1827 2898 1906 2941 pri-

70 2962 220 3005 catam,
239 2947 397 2995 caelove
414 2948 596 2995 decisam
623 2949 811 2996 induiss'e.
842 2952 905 2995 Ita
920 2948 1000 3006 est3
1021 2957 1064 2995 δε
1081 2945 1137 2995 fic
1161 2948 1458 2996 Manichaeum
1473 2988 1486 3009 ,
1504 2947 1695 2996 Valenti-
1718 2954 1769 2975 ’Μ
1779 2946 1872 2975 mm'

72 3026 196 3071 num,
213 3012 509 3076 Apollinarem
525 3017 724 3074 enei-titis,
739 3013 972 3077 vcstraec'iue
988 3015 1199 3060 sententiae
1214 3014 1504 3078 Epiphanium
1525 3013 1696 3061 afferto·
1719 3012 1822 3041 Hfflfi
1848 3023 1894 3049 ³0·

74 3093 160 3122 rem
179 3076 351 3126 habetis.
372 3079 496 3142 Qid
513 3098 586 3126 vos
612 3079 862 3144 Astrologi?
895 3079 1205 3143 Prognosticon
1219 3079 1302 3126 hoc
1318 3079 1396 3126 effe
1414 3080 1581 3126 censetis
1595 3118 1607 3137 ‚
1638 3083 1695 3126 rei
1717 3079 1890 3133 411479Υο-

75 3158 254 3189 venturae
276 3145 526 3209 certumque
542 3144 818 3207 praesagium?
845 3144 928 3191 scio
943 3145 1066 3193 vobis
1085 3144 1210 3191 mane
1238 3143 1387 3193 caelum
1409 3144 1580 3192 rutilans
1598 3143 1696 3206 plu-
1716 3128 1902 3211 sgbgffffr'f

74 3208 190 3253 uiam
207 3210 449 3269 portendere
460 3208 752 3272 vespertinam3
773 3209 1043 3275 primamc‘lue
1068 3209 1186 3257 illam
1207 3227 1440 3273 purpuram
1461 3208 1566 3272 saepe
1583 3208 1694 3255 sero-
1720 3235 1775 3254 tm.-

72 3270 160 3316 tinfi
176 3275 305 3335 excipi
323 3275 582 3337 tempestate.
652 3275 726 3321 uid
747 3274 963 3338 praeterea?
995 3274 1183 3337 Desuper
1200 3313 1213 3333 ‚
1231 3280 1449 3338 inquiunt,
1479 3272 1583 3319 caelo
1612 3278 1694 3320 mi-
1717 3269 1737 3302 ὰ
1759 3268 1902 3342 Μεᾶίζξ

74 3353 172 3381 cans
188 3336 428 3399 sanguineus
453 3356 659 3396 cometes,
678 3340 915 3404 frequenter
931 3339 1072 3387 assolet
1101 3344 1306 3402 Principis
1325 3339 1500 3386 alicuius
1522 3354 1592 3384 aut
1610 3341 1694 3385 Re-
1718 3327 1902 3411 [ΞΖ-ἵζευ

75 3403 138 3465 gis
155 3404 367 3451 interitum
385 3405 611 3469 praesagire.
629 3408 690 3455 Vt
708 3421 753 3456 vt
769 3405 852 3466 est3
869 3404 976 3455 illud
993 3405 1087 3453 sane
1103 3404 1307 3453 omnibns
1331 3403 1599 3515 exploraturi}
1619 3402 1695 3462 est,

1596 3486 1699 3514 iunc
