2321 4013
513 294 624 344 904
742 291 982 333 IMAGO
1027 285 1226 329 PRIMI
1268 281 1529 324 SAECVLI
1568 280 1904 320 soc.1ESV.

516 350 619 416 vert}
638 366 994 432 praeclariffimum
1013 362 1072 408 est
1098 357 1482 405 commiserationis
1509 372 1639 418 genus
1652 394 1666 414 ,
1686 354 1806 417 quod
1826 358 1869 401 in
1901 350 2158 418 depellendis

514 433 687 480 miseriis
704 431 901 478 consistit.
942 425 1029 473 Hic
1045 442 1127 484 ego
1140 422 1283 468 zelum
1302 420 1487 468 vestrum
1502 459 1513 478 ,
1537 418 1805 483 vestramc'lue
1834 417 2048 468 solertiam
2072 426 2158 471 im·-

516 497 639 563 ploro
674 493 911 542 Reuerendi
929 475 1085 537 Patres?
1122 487 1194 534 Ad
1210 487 1298 534 liaec
1312 484 1498 551 gloriosa
1512 485 1697 531 facinora
1711 500 1884 531 tuorum
1912 503 2063 533 manus
2089 488 2160 535 de-

515 538 758 626 poscuiitur,
776 560 803 604 ὃ
817 557 926 604 saera
949 556 1005 601 IE
1020 572 1038 600 s
1055 570 1083 600 v
1108 556 1310 599 Societas:
1341 567 1386 597 vt
1400 550 1614 614 quidquid
1633 550 1874 613 perniciosae
1888 556 2159 616 contagionis

516 635 560 672 ἃ
578 623 820 671 adulterinae
837 621 1027 667 sementis
1046 634 1141 665 toto
1161 616 1311 680 Belgio
1329 614 1559 679 dispersum
1584 613 1671 673 est,
1703 612 1911 662 doetrinae
1939 632 2021 662 tuae
2044 617 2159 667 Reli-

517 689 735 753 gionistjue
753 685 988 750 praestantifi
1008 686 1169 748 penitus
1187 685 1493 728 exterminetur.
1515 680 1584 726 hic
1602 697 1781 742 campus
1797 679 1879 738 est,
1895 684 1938 726 in
1960 700 2048 745 quo
2061 700 2160 730 tuo-

514 742 609 799 fum
628 751 801 799 desudet
818 750 1100 808 industria,in
1118 766 1209 812 quo
1225 745 1346 794 labor
1360 786 1372 805 ‚
1389 750 1432 792 in
1450 763 1540 808 quo
1558 748 1687 792 virtus
1703 782 1716 803 ,
1739 747 1783 790 in
1808 763 1895 808 quo
1915 750 2019 793 ratio
2032 748 2160 813 ‘insti-

513 822 597 864 tuti
616 816 834 881 copiosam
855 815 1000 875 ‹gloriae
1017 816 1196 872 segetem
1215 831 1262 859 ac
1277 814 1495 858 materiam
1513 810 1835 874 consequantur.
1873 812 2038 875 Negari
2064 818 2161 878 qui-

512 882 614 929 dem
628 901 717 929 non
736 867 889 946 potest,
904 867 1143 944 oppressam
1164 878 1236 924 diu
1256 881 1451 940 pietatem
1472 873 1612 921 multis
1643 873 1745 921 locis
1769 874 1963 938 respirate
1976 879 2157 941 coepisse,

515 954 560 994 &
579 953 739 995 auitam
754 946 1031 995 Relioioncm
1049 948 1175 990 etiam
1195 946 1348 988 maiori
1362 940 1591 988 sanctitatis
1605 941 1773 986 foenore
1790 940 2022 988 restitutam
2038 942 2162 992 efflo-

513 1013 675 1060 rescere.
716 1015 812 1060 Nec
842 987 1015 1068 desunt,
1042 1012 1118 1071 qui
1141 1007 1239 1052 cum
1255 1006 1509 1052 diuinorum
1540 1002 1842 1069 mysteriorum
1859 1004 2162 1069 frequentatio-

514 1096 633 1137 nem,
652 1078 791 1125 diuini
812 1073 942 1123 cultus
963 1067 1348 1137 amplificationem
1365 1110 1378 1130 ,
1404 1068 1728 1118 Coenobiorum
1750 1069 2019 1135 disciplinam
2049 1073 2164 1138 post-

513 1141 689 1191 liminio
705 1136 1164 1202 restitutam,fingulari
1181 1140 1315 1183 animi
1327 1135 1549 1200 voluptate
1571 1135 1922 1200 contemplantur
1934 1176 1946 1197 ‚
1960 1138 2079 1200 paene
2092 1157 2163 1188 ex-

516 1204 717 1263 clament;
729 1207 862 1253 Tanti
886 1204 1006 1251 fuisse
1019 1240 1032 1259 ,
1050 1211 1093 1250 &
1112 1202 1316 1264 praesentis
1338 1201 1564 1249 serenitatis
1586 1201 1758 1249 exordia
1772 1202 1927 1265 praeuiz‘i
1941 1219 2005 1250 tot
2023 1222 2160 1252 anno-

515 1290 607 1319 rum
629 1270 876 1333 tempestate
893 1266 1190 1315 commendari
1208 1287 1216 1312 :
1236 1266 1303 1314 sed
1331 1272 1478 1332 ingens
1497 1266 1623 1315 nobis
1645 1266 1786 1315 adhuc
1800 1269 2024 1331 tempestas
2045 1271 2162 1334 supe-

514 1330 645 1384 randa
660 1335 733 1393 est,
753 1332 949 1380 &multa
974 1333 1128 1380 restant
1147 1333 1409 1396 persananda
1426 1332 1614 1391 vulnera,
1633 1351 1728 1397 qua:
1747 1333 1944 1380 licereseos
1972 1333 2162 1397 perfidia,

513 1414 585 1447 aut
601 1399 813 1447 bellorum
827 1400 943 1446 furor
960 1396 1130 1446 inflixit.
1164 1399 1237 1444 An
1253 1416 1343 1444 non
1359 1396 1614 1458 Hollandia‚
1628 1395 1994 1459 Frisia‚Zelandia,
2009 1402 2164 1450 Trans-

511 1459 683 1513 isalania
697 1504 711 1525 ‚
740 1463 982 1529 magnaque
1000 1480 1094 1526 pars
1125 1462 1365 1511 Brabantiae
1384 1472 1428 1510 &
1444 1458 1630 1510 Geldriae
1643 1502 1655 1522 ‚
1684 1464 1877 1531 adeotiue
1895 1465 2012 1528 paene
2032 1464 2164 1514 dimi..

512 1531 583 1577 dia
600 1548 693 1594 pars
710 1529 980 1593 Belgicarum
999 1531 1330 1575 Prouinciarum
1345 1528 1422 1576 sub
1441 1527 1733 1576 crudelissimo
1749 1527 1957 1595 plaiiecjue
1973 1531 2163 1580 exitiabi-

514 1595 543 1642 li
562 1595 771 1643 haereseon
787 1599 890 1659 iugo
916 1593 1059 1641 adhuc
1078 1593 1332 1658 ingemiscit?
1352 1597 1403 1640 Et
1419 1612 1618 1658 quaenam
1634 1593 1695 1641 ibi
1718 1595 1803 1659 spes
1819 1593 1958 1643 salutis
1984 1594 2164 1661 reliqua,

515 1660 590 1708 vbi
605 1659 945 1726 augustissimum
964 1662 1064 1706 Deo
1081 1657 1333 1706 sacrificium
1348 1657 1501 1706 offerre
1516 1698 1530 1719 ,
1554 1658 1820 1724 sacrilegium
1839 1661 1899 1709 est
1913 1676 1934 1720 3v
1950 1665 2162 1711 conscien-

516 1728 624 1772 tiam
643 1724 946 1790 Exomologesi
963 1728 1140 1788 expiare,
1154 1722 1389 1787 flagitium3
1401 1741 1578 1772 errantes
1593 1730 1635 1773 in
1649 1729 1766 1774 viam
1783 1725 1991 1785 reducere,
2007 1732 2164 1779 crimen

520 1790 640 1854 pae-ne
667 1791 767 1839 lazsae
791 1791 1042 1839 Maiestatis?
1073 1793 1185 1854 Qs
1210 1788 1271 1837 ibi
1287 1788 1472 1854 supremi
1487 1793 1698 1839 Numinis
1716 1789 1879 1853 cultus,
1894 1810 1988 1858 quae
2005 1791 2164 1842 caelire-

520 1860 721 1918 uerentia,
742 1855 818 1904 vbi
834 1854 1091 1920 blasphemis
1108 1859 1152 1902 in
1169 1857 1316 1903 Deum
1330 1857 1517 1920 Superos
1524 1856 1595 1903 'ue
1614 1854 1884 1905 contumeliis
1907 1863 2057 1906 omnia
2072 1877 2164 1925 per-

516 1921 666 1969 sonant
682 1923 698 1967 ‚2'
742 1927 854 1984 Qae
877 1920 1027 1985 species
1043 1920 1261 1985 religionis
1276 1961 1290 1982 ‚
1320 1921 1396 1970 vbi
1413 1874 1570 1986 templa
1587 1922 1787 1970 conuersa
1810 1924 1906 1971 sunt
1930 1928 1973 1970 in
2003 1923 2163 1986 horrea5

517 1986 594 2033 vbi
608 1986 714 2034 nulli
729 1987 821 2038 festi
834 1987 937 2046 dies,
950 1983 1030 2033 nisi
1046 1992 1122 2051 qui
1136 1987 1355 2035 Bacchum
1369 2027 1382 2047 ,
1397 2004 1469 2035 aut
1490 1988 1653 2052 aliquid
1678 1987 2016 2037 Bacchanalibus
2042 1988 2169 2046 affine

517 2050 727 2099 redolent?
761 2051 883 2116 Quid
907 2053 1047 2099 dicam
1077 2052 1130 2099 de
1157 2052 1401 2102 vastissimis
1427 2052 1606 2101 aliarum
1632 2056 1957 2103 Prouinciarum
1982 2060 2159 2120 campis,

515 2134 624 2180 quos
641 2115 713 2164 etsi
726 2115 886 2165 haeresis
900 2136 988 2165 non
1002 2117 1266 2182 subiugauit,
1284 2123 1412 2166 armis
1439 2135 1584 2167 tamen
1609 2126 1652 2166 δε
1677 2125 1885 2184 perpetuis
1910 2119 2164 2170 excurfion'i-

515 2179 593 2227 bus
610 2182 943 2230 habetinfestos?
964 2183 1170 2232 Vidimus
1190 2188 1234 2231 in
1254 2187 1371 2249 pagis
1399 2183 1564 2249 aliquot
1579 2225 1593 2245 ,
1611 2189 1654 2232 in
1680 2185 1769 2249 ipsa
1793 2186 1860 2233 arii
1875 2225 1890 2244 ‚
1932 2186 2162 2235 seminibus

515 2245 566 2293 e&
584 2250 688 2294 inter
706 2247 968 2312 templorum
991 2248 1139 2296 rudera
1163 2267 1293 2298 vento
1318 2248 1466 2314 aliquo
1482 2250 1637 2298 temere
1663 2249 1827 2309 delatis,
1849 2250 2013 2300 arbores
2028 2252 2162 2299 excre-

517 2312 634 2371 uiffe,
652 2332 755 2378 quas
781 2332 913 2360 nemo
940 2315 1070 2379 posset
1098 2314 1316 2380 amplecti.
1355 2315 1527 2364 Ibidem
1548 2320 1682 2380 rogati
1700 2316 1850 2364 incolae
1869 2317 1961 2382 ipso
1977 2318 2162 2366 Dedica-

516 2380 645 2424 tionis
679 2378 934 2443 templidie,
955 2378 1126 2427 nullane
1150 2382 1290 2429 futura
1305 2382 1398 2429 esset
1413 2379 1662 2429 sanetissimi
1685 2381 1885 2446 Sacrificij
1907 2386 2059 2448 copia?
2086 2400 2162 2430 nec

515 2443 762 2501 Sacerdotis,
791 2462 868 2491 nec
891 2444 1090 2506 Sacrificij
1117 2446 1491 2495 nomenclaturam
1521 2462 1756 2495 nouerant:
1787 2451 1845 2495 ita
1873 2467 1965 2495 non
1997 2447 2163 2497 tantum

518 2508 782 2570 templorum
810 2510 956 2558 rudera
975 2515 1020 2558 in
1053 2510 1175 2558 siluas
1191 2512 1406 2573 abierant,
1431 2512 1500 2560 sed
1527 2516 1681 2560 animis
1705 2516 1832 2560 etiam
1853 2510 2163 2562 filuescentibus

518 2571 606 2633 ipsa
631 2574 866 2638 Religionis
888 2581 1072 2623 nomina
1096 2577 1261 2625 fuerant
1283 2577 1536 2627 oblitterata.
1587 2580 1647 2626 At
1670 2577 1866 2627 cultiores
1891 2577 2091 2638 fortaffis,
2116 2587 2162 2627 <Sc

521 2634 575 2682 ab
594 2636 671 2684 hac
696 2637 887 2686 barbarie
912 2645 1157 2688 remotiores
1176 2642 1268 2691 sunt
1289 2647 1490 2691 ciuitates.
1532 2648 1689 2691 Fateor:
1715 2652 1758 2690 δε
1780 2643 1863 2692 hoc
1879 2649 2007 2692 etiam
2029 2643 2160 2706 addc,

520 2701 746 2749 nonnullas
764 2703 840 2749 effe
857 2707 1047 2753 nimium
1063 2706 1262 2768 excultas,⁴
1277 2709 1344 2756 sed
1366 2713 1413 2756 iis
1432 2713 1477 2756 in
1498 2708 1617 2757 rebus
1633 2727 1728 2774 quse
1740 2708 1793 2757 ad
1808 2709 1966 2758 fastum
1991 2709 2160 2757 luxum-

520 2762 603 2827 <jue
620 2770 841 2828 pertinent,
856 2768 1011 2832 quibus
1025 2772 1266 2820 vindictam
1284 2772 1480 2822 diuinam
1502 2775 1656 2839 potius,
1709 2774 1811 2822 uam
1829 2774 2161 2824 commiseratio-

522 2845 624 2875 nem
653 2848 899 2893 prouocant.
941 2835 1067 2882 Olim
1096 2839 1309 2885 Romanae
1342 2838 1608 2904 Reipublicae
1635 2857 1692 2887 cae
1711 2840 1811 2888 estes
1833 2845 1911 2890 iras
1934 2843 2160 2888 imminete

521 2897 774 2944 vaticinatus
795 2897 854 2944 est
869 2901 1087 2947 Horatius:
1108 2918 1151 2949 at
1173 2902 1328 2967 quibus
1345 2906 1538 2953 indiciis?

778 2969 914 3009 Motus
929 3003 942 3024 ‚
966 2969 1135 3029 inquit,
1162 2968 1282 3017 doceri
1297 2971 1439 3034 gaudet
1463 2975 1603 3020 Ionicos

780 3033 943 3074 Matura
972 3035 1110 3096 virgo.

519 3091 565 3135 O
583 3085 612 3134 ss
630 3106 743 3136 nunc
770 3108 858 3137 non
879 3095 1061 3156 virgines
1086 3099 1180 3143 viro
1206 3113 1414 3160 maturas,
1441 3099 1508 3149 sed
1533 3102 1712 3149 infantes
1740 3099 2061 3164 propemodum
2082 3116 2159 3164 pu-

517 3170 595 3263 Eos
610 3169 737 3217 atque
752 3173 884 3220 pupas
896 3156 1054 3205 videret
1063 3160 1115 3206 ad
1132 3177 1332 3210 numeros
1344 3165 1551 3226 saltantes,
1566 3175 1609 3214 ὃς
1624 3166 1821 3229 profanas
1838 3168 2049 3229 nequitias
2066 3163 2159 3212 bal-

551 3221 742 3266 utientesi
762 3220 786 3267 a
802 3220 961 3284 quibus
981 3221 1011 3269 fi
1026 3227 1163 3287 prima
1180 3226 1291 3272 Fidei
1311 3227 1517 3278 elementa
1533 3230 1773 3295 poposceris
1790 3269 1802 3289 ‚
1817 3246 1863 3279 vt
1878 3228 2015 3277 salutis
2039 3228 2158 3294 signo

518 3280 702 3330 frontem
716 3285 947 3351 pestusq'ue
967 3292 1188 3349 muniant,
1209 3306 1258 3337 vt
1273 3310 1407 3339 vnum
1434 3298 1581 3342 Deum
1607 3295 1825 3343 bonorum
1856 3299 2058 3343 omnium
2087 3311 2160 3341 au-

519 3348 685 3397 &orem
702 3368 963 3413 venerentur,
974 3368 1020 3402 vt
1036 3357 1261 3420 Virginem
1280 3359 1365 3404 Dei
1382 3359 1569 3408 Matrem
1582 3359 1757 3408 salutent
1769 3399 1785 3420 ,
1804 3359 1914 3409 nihil
1930 3359 2155 3418 obtinebis;

2067 3424 2159 3473 lixo
