2326 4080
311 1049 427 1079 Omnes
444 1046 475 1075 in

314 1098 355 1126 151³·
361 1108 384 1125 st
391 1102 467 1124 etate

307 1143 392 1186 finus
412 1139 473 1172 dica

311 1188 440 1235 ptffimt.

322 1621 466 1658 Seneflm

320 1684 381 1705 non
397 1669 486 1702 annis

322 1716 485 1761 ecnscnda,

315 1765 375 1812 fid
385 1765 510 1807 praecla-

322 1813 468 1859 rkfozfflz‘s.

331 2150 505 2187 Immaturi

334 2212 390 2244 qm
407 2199 517 2231 dacen-

331 2247 450 2291 difint.

344 2603 511 2638 Illarum·-

346 2661 392 2684 ως
407 2654 437 2683 in
450 2661 510 2694 quo

346 2697 496 2744 conststat.

509 308 575 363 36
721 306 966 347 iMAGo
1013 302 1230 346 PiziMi
1271 279 1926 343 sAEcvrisoc'.iesv,

504 389 561 431 ni.
581 385 734 445 Borgia
750 397 866 439 ,tam
890 385 932 427 in
956 381 1146 442 imperio
1171 376 1372 439 Hispano
1398 375 1530 439 quaim
1550 379 1592 421 in
1608 375 1691 422 hoc
1705 377 1872 423 Ordine
1890 375 2010 424 rebus
2027 376 2148 440 gestia

508 449 664 506 clatus,
682 442 871 510 negabat
888 445 996 492 olim
1010 442 1124 507 apud
1137 441 1347 488 Carolum
1365 440 1573 487 Caesarem
1595 441 1619 488 zi
1638 457 1770 494 matre
1786 459 1902 489 :etate
1919 460 2005 488 nou
2024 460 2148 507 gran*

508 513 553 559 di
574 505 791 559 maturam
809 508 1048 574 canamque
1064 507 1225 571 prolem
1247 506 1577 570 exspectandam
1596 507 1684 552 effe.
1708 507 1843 553 Rerste
1861 524 1953 553 tum
1972 507 2041 554 ille
2056 511 2151 571 qui«

510 577 627 624 dem:
646 575 911 624 adolescebat
924 580 1041 620 enim
1057 571 1473 635 confirmabaturque
1488 571 1675 634 primum
1693 576 1890 618 Societas:
1905 572 1972 618 sed
1992 591 2063 620 cut
2081 573 2154 619 de-

509 643 629 689 curso
646 641 796 690 saeculo
812 659 901 689 tam
922 643 1046 703 pauci
1059 637 1194 684 modo
1211 641 1322 683 canis
1341 656 1387 683 ac
1404 636 1614 682 lencchite
1626 636 1898 683 venerabiles?
1923 641 2044 683 Senes
2063 649 2154 683 non?

511 708 654 767 client,
673 711 815 770 inquit
832 704 919 764 ille,
935 722 1024 751 non
1041 703 1163 750 staret
1183 701 1452 765 Respublica.
1480 702 1608 747 Mens
1620 741 1632 760 ,
1649 706 1756 748 ratio
1770 741 1782 760 ,
1797 700 2023 748 consilium
2037 741 2050 761 ‚
2071 702 2157 748 fine

512 773 669 837 quibus
687 790 823 835 neque
838 774 1025 817 ciuitates
1045 766 1274 815 coalescere
1290 806 1300 825 ,
1313 784 1450 830 neque
1469 769 1655 829 Imperia
1675 767 1730 813 du
1742 784 1825 813 rare
1839 807 1851 826 ,
1868 785 2006 830 neque
2030 768 2160 816 stabi-

513 836 578 885 liti
595 837 766 900 poliunt
780 840 945 899 Regna,
963 839 1004 880 in
1020 833 1182 880 senibus
1200 832 1306 878 sunt.
1323 831 1586 879 valebuntne
1613 835 1742 894 igitur
1760 836 1933 878 iuuenes
1964 850 2056 878 eam
2074 872 2086 892 ,
2115 838 2161 879 in

514 921 646 966 quam
661 899 737 967 ipli
755 919 843 948 tam
864 897 1207 947 diuerstindolis
1227 905 1269 943 δε
1284 913 1441 944 naturae
1457 900 1607 955 coiere,
1623 901 1876 944 Societatem
1903 897 1978 944 diu
1999 902 2104 944 tueri
2119 907 2164 944 &t

516 969 782 1015 conseruare?
800 971 928 1028 Qae,
949 963 1114 1011 malum
1133 977 1140 1009 Ι
1159 963 1237 1009 ista
1255 962 1314 1009 est
1332 961 1525 1009 censendi
1543 965 1772 1025 imperitia?
1787 966 1881 1027 Ego
1897 966 1998 1011 vero
2012 981 2164 1010 omnes

518 1037 662 1080 Socios
679 1038 748 1081 aio
775 1031 884 1078 senes
904 1032 1006 1088 esse,
1027 1037 1070 1076 ἃ
1094 1045 1314 1093 quotquot
1340 1043 1575 1078 eittremum
1603 1031 1646 1072 in
1666 1032 1870 1074 Societate
1886 1031 1904 1073 Ι
1919 1046 1943 1074 E
1961 1045 1979 1074 S
1996 1046 2024 1076 V
2048 1029 2166 1075 diem

519 1098 700 1158 obeunt,
724 1096 924 1144 saeculum
943 1095 1099 1144 vixill'e.
1116 1097 1208 1139 Cur
1220 1093 1344 1139 rides?
1364 1091 1473 1139 niliil
1486 1096 1764 1155 inopinatum
1780 1094 1895 1152 dico,
1911 1092 2035 1152 nihil,
2048 1095 2168 1158 quod

519 1183 608 1211 non
634 1161 871 1211 rationibus
890 1165 1063 1208 vincam
1079 1158 1305 1205 necessariis
1323 1183 1333 1214 3
1353 1156 1462 1204 nihil
1479 1198 1491 1218 ,
1508 1157 1628 1219 quod
1651 1157 1674 1205 a
1692 1159 1997 1206 consuetudine
2014 1176 2084 1205 aut
2098 1178 2170 1207 vea

521 1247 606 1276 tere
628 1245 699 1275 aut
714 1226 855 1274 nostrii
867 1224 1056 1273 alienum
1070 1224 1277 1271 videatur.
1295 1223 1460 1269 Nonne
1477 1222 1620 1269 callidi
1638 1241 1775 1270 rerum
1788 1224 1920 1271 aestim
1929 1241 2061 1271 atores
2079 1264 2091 1282 ,
2110 1224 2171 1270 se-

524 1313 597 1341 nes
629 1294 767 1339 fatuos
790 1301 832 1338 &
857 1291 1012 1337 deliros
1029 1329 1042 1349 ,
1067 1292 1248 1352 quiopis
1267 1286 1413 1334 alienae
1438 1305 1623 1353 egeritvt
1646 1289 1869 1349 incedant,
1896 1308 1940 1337 vt
1957 1307 2171 1347 curentur,-

524 1377 572 1406 vt
586 1378 636 1405 ne
654 1361 747 1422 quis
766 1355 927 1402 sinister
947 1357 1057 1402 casus
1076 1353 1364 1417 imprudentes
1378 1352 1546 1413 obruat,
1562 1372 1651 1402 non
1664 1359 1751 1401 iam
1767 1354 1911 1402 lenum
1927 1360 1970 1401 in
1987 1373 2175 1402 numero

524 1424 700 1483 liabent,
719 1422 786 1469 sed
803 1419 1081 1484 repuerascere
1101 1418 1251 1466 dicunt
1267 1459 1279 1477 ,
1305 1427 1347 1465 ὃς
1367 1419 1419 1466 ad
1437 1420 1664 1466 infantiam
1691 1421 1820 1467 redire
1837 1432 1849 1467 ?
1871 1425 1978 1468 Non
2003 1418 2178 1484 illepide

526 1490 763 1552 decrepitus
785 1486 854 1533 ille
869 1487 1012 1534 nostr-3
1031 1485 1243 1533 memoria
1259 1485 1378 1530 senex
1393 1525 1405 1544 ,
1432 1485 1639 1548 nepotulo
1659 1484 1732 1532 suo
1749 1484 2177 1546 sexenni‚Triennio,

526 1558 686 1621 inquit,
706 1554 913 1609 Adriane,
932 1571 1001 1598 me
1017 1555 1155 1598 maior
1171 1569 1225 1596 es.
1254 1567 1419 1596 anuum
1442 1550 1594 1610 agebat
1617 1550 1900 1598 centesimum
1925 1559 1968 1597 &
1986 1556 2177 1598 tertium:

528 1619 666 1667 sacculi
683 1621 830 1682 prioris
848 1620 989 1664 astam
1008 1630 1190 1675 aet'atem,
1215 1634 1261 1661 ac
1280 1614 1308 1662 si
1325 1620 1412 1662 iam
1431 1616 1485 1662 ad
1505 1616 1732 1662 infantiam
1757 1616 1997 1673 reuern'ss'et,
2016 1634 2096 1680 pro
2113 1621 2180 1663 ni-

532 1685 624 1732 hilo
643 1682 847 1732 habebat.
866 1686 980 1747 Ergo
997 1701 1088 1729 non
1107 1685 1225 1728 annis
1239 1680 1428 1727 senceum
1451 1680 1715 1728 :estimanda.

1136 1761 1281 1793 aetatem
1300 1746 1643 1810 extenderefhcflzi’,

886 1818 964 1860 Hoc
987 1815 1171 1859 virtutis
1186 1828 1290 1877 opus.

537 1881 660 1928 rebus
679 1884 795 1927 enim
816 1878 1022 1942 sapienter
1044 1884 1086 1923 &
1106 1877 1300 1941 praeclarc}
1315 1877 1438 1942 gestis
1456 1877 1640 1942 dignitas
1659 1876 1913 1925 conciliatur
1937 1884 1980 1926 &
1997 1880 2186 1931 auetori-

537 1962 597 1992 tas
615 1986 626 2005 ‚
646 1946 852 2010 praecipua
867 1943 1092 1990 senectutis
1106 1960 1369 1990 ornamenta.
1390 1945 1506 1988 Deus
1523 1944 1729 1990 infantem
1751 1962 1840 1990 non
1867 1942 1972 1989 linat
1999 1943 2188 2002 crescere,

537 2029 627 2058 non
647 2010 854 2058 membris
871 2005 1156 2067 corroborari,
1172 2027 1263 2054 non
1280 2009 1353 2057 vsu
1371 2006 1458 2054 fieri
1478 2008 1752 2055 eruditiorem
1769 2034 1780 2066 3
1796 2013 1872 2072 qui
1895 2026 1973 2055 nec
1990 2008 2113 2073 loqui
2126 2010 2192 2057 di-

538 2075 648 2136 scat,
663 2094 740 2122 nec
763 2077 922 2139 sapere:
951 2074 1066 2121 hunc
1084 2090 1154 2133 tn,
1173 2078 1274 2138 quia
1292 2073 1366 2120 diu
1393 2075 1533 2120 infans
1557 2074 1707 2133 fuerit,
1731 2073 1930 2122 adultum
1953 2074 2104 2121 dixeris
2121 2091 2194 2121 aut

541 2141 699 2188 senem?
713 2143 786 2187 An
801 2158 889 2187 non
907 2156 953 2188 vt
970 2137 1172 2186 siluestria
1186 2157 1332 2202 poma,
1345 2157 1439 2203 quae
1452 2137 1600 2186 acerba
1614 2138 1774 2202 semper
1800 2148 1844 2186 δε
1867 2143 2056 2186 immitia
2080 2138 2192 2199 sunt,

542 2207 747 2254 dicuntur
761 2222 1005 2268 numquam
1023 2203 1314 2263 maturescere,
1328 2208 1386 2251 ita
1400 2209 1475 2268 qui
1489 2204 1510 2250 ὲ
1525 2206 1702 2266 pueritia
1726 2210 1817 2251 non
1835 2205 2030 2265 excedat,
2053 2204 2196 2252 adhuc

544 2272 698 2319 l‘iaereat
716 2277 760 2319 in
779 2270 964 2318 nucibus
992 2279 1035 2317 ὃς
1060 2270 1324 2334 crepundiis,
1344 2269 1547 2317 senescere
1571 2275 1756 2317 omnino
1774 2270 1980 2318 dicendus
2009 2288 2098 2317 non
2116 2270 2196 2317 est?

545 2355 701 2402 negare
735 2355 823 2383 non
849 2353 979 2400 poteS.
1010 2336 1146 2394 Vide,
1168 2336 1255 2399 quo
1279 2352 1318 2382 te
1340 2335 1565 2382 deducam.
1594 2336 1717 2397 Qd
1735 2336 1892 2382 fruetus
1908 2340 2042 2384 verni?
2067 2353 2198 2383 num-

548 2403 652 2466 quid
672 2421 762 2448 non
779 2401 895 2465 :eque
910 2400 1042 2448 adulti
1057 2403 1149 2447 sunt
1163 2406 1265 2447 anni
1286 2404 1526 2464 principio,
1555 2401 1689 2463 quam
1718 2401 1874 2447 eodem
1891 2401 2099 2449 inclinato
2124 2419 2200 2447 au·-

549 2466 763 2514 tumnalcs
782 2478 793 2513 ἓ
819 2465 1038 2529 numquid
1060 2484 1148 2512 non
1172 2470 1424 2512 maturiores
1438 2505 1451 2524 ,
1474 2466 1607 2529 qutim
1623 2470 1766 2529 quine
1781 2483 1995 2513 autumno
2019 2466 2203 2530 quidem

552 2532 779 2579 mitescunt
793 2530 1294 2593 atitiiiolleiciiiit?Qod
1310 2535 1466 2594 pomiS,
1483 2531 1603 2595 quod
1619 2535 1711 2579 Vuis
1727 2571 1738 2589 ,
1753 2532 1873 2595 quod
1900 2532 2108 2578 fructibus
2137 2549 2205 2578 ce-

553 2602 651 2646 teris
668 2597 884 2656 concedis,
902 2597 1073 2643 homini
1087 2598 1279 2660 negabis?
1296 2615 1384 2642 non
1401 2612 1534 2659 potes.
1551 2597 1802 2643 Maturitate
1818 2600 1965 2662 igitur,
1979 2614 2068 2643 non
2083 2595 2205 2660 lapsu

555 2667 779 2727 temporiS,
800 2679 893 2709 :etas
918 2661 1133 2724 impletur.
1155 2665 1374 2708 maturitas
1391 2679 1531 2708 autem
1552 2663 1759 2724 dignitate
1778 2663 2053 2709 constituitur
2069 2670 2112 2709 ὃς
2130 2679 2206 2708 au-

557 2731 767 2775 &oritate
795 2730 876 2772 Hae
905 2727 1006 2774 vcro
1031 2727 1234 2790 sapientia
1269 2735 1312 2773 δε
1335 2726 1556 2791 prudenti&
1585 2731 1889 2791 acquiruntur,
1926 2727 2048 2774 rebus
2082 2728 2207 2790 gestis

557 2793 867 2851 ostenduntur,
892 2792 1080 2856 denique
1104 2791 1253 2855 populi
1271 2792 1386 2839 sensu
1408 2800 1451 2838 ἅ
1478 2793 1708 2855 opinione,
1727 2809 1818 2839 non
1841 2792 1951 2840 secus
1970 2812 2017 2841 ac
2036 2793 2210 2856 gustatu

560 2861 866 2922 percipiuntur.
883 2858 1021 2921 Qod
1041 2875 1160 2903 mens
1175 2862 1435 2922 cogitatione
1450 2856 1779 2920 comprehendit
1790 2898 1802 2918 ‚
1817 2866 1860 2905 &
1884 2863 1992 2905 ratio
2007 2858 2132 2904 docet
2148 2875 2211 2905 at-

562 2941 647 2986 que
674 2921 892 2985 explanat,
913 2921 1117 2985 exemplis
1143 2921 1407 2970 demonstro.
1435 2926 1700 2969 Communis
1736 2927 1938 2970 omnium
1964 2922 2213 2987 primusque

564 2986 749 3035 humani
765 2992 926 3050 generis
946 3005 1111 3050 parens,
1130 2986 1276 3034 nonne
1290 2987 1453 3034 matur-„⁶1
1466 3004 1582 3034 :etate
1594 2987 1791 3036 conditus
1812 2989 1899 3035 est?
1918 2989 2063 3035 nonne
2081 2988 2215 3051 perfe-

568 3051 755 3099 &issimsst
772 3052 1042 3117 maximeque
1059 3053 1454 3100 venerandstmimos
1471 3070 1615 3099 tamen
1630 3071 1718 3099 non
1731 3054 2094 3112 numerabat,non
2109 3071 2215 3100 con-

568 3134 748 3165 traxerat
763 3135 904 3182 rugas,
921 3115 1082 3181 capillis
1097 3135 1184 3163 non
1209 3117 1466 3164 canescebat.
1495 3121 1632 3182 Igitur
1654 3137 1743 3165 non
1763 3122 1890 3177 anni,
1908 3137 1998 3165 non
2025 3122 2121 3165 cani
2144 3135 2217 3165 aut

570 3201 699 3247 rugae,
716 3182 856 3229 senem
875 3183 1037 3229 faciunt
1051 3222 1062 3241 ,
1077 3199 1148 3228 aut
1175 3200 1390 3230 maturum
1411 3222 1421 3241 ,
1435 3182 1706 3248 dignumque
1722 3187 1798 3247 qui
1814 3183 1903 3231 aliis
1923 3187 2064 3231 maior
2078 3192 2120 3231 ὃς
2138 3201 2220 3247 pro

571 3265 746 3312 parente
760 3247 974 3295 habeatur.
992 3247 1125 3311 Qid
1140 3245 1210 3293 ille
1226 3266 1355 3311 quem
1368 3252 1666 3311 Virgo—mater
1685 3266 1804 3296 vtero
1822 3253 1963 3296 virum
1982 3249 2220 3296 circumde-

573 3314 654 3360 dit?
674 3313 819 3360 nonne
835 3312 889 3360 ab
902 3311 999 3376 ipsis
1020 3312 1291 3360 incunabulis
1310 3312 1480 3377 :equalis
1504 3332 1590 3361 erat
1626 3318 1794 3378 antiqui
1811 3316 1977 3361 dierum
1992 3318 2142 3362 Patris?
2161 3320 2172 3368 (
2190 3312 2221 3361 fi

577 3394 722 3427 tamen
737 3381 796 3426 ita
814 3377 936 3445 loqui
951 3378 1009 3427 fas
1025 3377 1085 3425 est
1098 3376 1150 3426 de
1163 3395 1216 3428 eo
1234 3382 1422 3445 quiante
1436 3377 1521 3427 dies
1536 3388 1579 3429 &
1602 3395 1801 3445 tempora
1824 3380 1878 3431 ab
1898 3397 2053 3428 a'terno
2076 3378 2223 3426 existe-

2134 3443 2224 3509 bat)
