2321 4013
514 271 614 330 856
755 271 1006 316 IMAGO
1045 260 1560 310 PRIMISAECVLI
1605 261 1990 305 SOCIESVJ·

511 353 669 401 fest-am
691 369 737 400 vt
750 351 816 399 tot
833 347 1087 398 morborum
1100 343 1334 407 vestigium
1347 337 1775 388 nulltunremaneret.
1795 340 2049 388 Aduocatur
2066 344 2168 391 Me„

512 418 630 467 dicus
643 459 655 478 ,
675 394 824 480 irupct,
849 419 940 462 vim
957 409 1151 474 agnoscit
1162 407 1356 455 humana
1370 408 1597 452 maiorem:
1614 405 1736 453 iubet
1747 405 1799 452 de
1812 404 1974 453 lee'tulo
1992 408 2167 472 surgere,

514 493 558 530 ἅ
576 490 710 531 vitam
732 487 870 528 viuere
884 492 1178 524 communem.
1208 472 1284 519 Illa
1297 490 1401 517 cum,
1416 474 1559 516 ceteris
1577 470 1989 518 Sarrffirnonialibus
2004 470 2049 518 in
2061 489 2168 522 tem-

512 550 636 613 plum
657 539 1171 604 parochialeingreditur..
1186 536 1236 585 fit
1256 539 1490 584 hominum
1512 534 1735 582 concursus
1761 555 1771 581 z
1808 538 1956 586 vident
1972 538 2116 586 lanam
2126 559 2173 589 ac

512 606 876 672 valenter-uffan&
894 608 990 653 ante
1009 601 1545 651 morit-nram.miraculum
1563 599 1832 647 inclamatur.
1843 603 2044 650 Testium
2055 622 2170 654 exce-

511 682 659 741 ptione
673 679 907 732 maiorum,
927 669 1141 735 ipsiusque
1157 673 1201 715 in
1215 671 1369 733 primis.
1384 666 1572 725 Medici,
1585 663 1786 729 suffragia
1801 667 2091 732 colliguntur:
2110 684 2170 720 res

510 741 665 789 tabulis
679 739 861 803 publicis
877 735 1135 793 inscribitur3
1152 753 1255 799 quas
1276 733 1422 780 Pastor
1449 741 1491 779 ὃς
1511 735 1711 779 Decanus
1736 739 1781 778 &
1807 736 2062 782 Senatorum
2097 735 2172 784 ali-

508 812 584 870 qui
601 807 671 855 sua
685 823 820 853 manu
837 803 1022 868 signant.
1065 801 1254 848 Antistes
1271 797 1607 846 Audomarenfis
1627 801 1721 851 (cui
1739 797 1956 861 oppidum
1974 798 2113 850 subest
2127 807 2172 852 in

509 874 643 931 sacris)
663 872 760 936 post
775 886 1012 918 accuratam
1025 864 1366 930 inquisitionem,
1384 861 1622 927 Episcopali
1638 864 1889 910 auctoritate
1917 866 2172 919 miraculum

512 941 823 1000 pronuntiauit.
870 932 1000 981 Porro
1022 936 1066 978 in
1086 936 1193 997 grati
1210 934 1346 977 animi
1365 945 1706 976 monumentum
1732 931 1870 976 emera
1899 927 1988 977 illic
2014 936 2064 979 in‘
2084 939 2173 998 pri-

514 1008 651 1050 mario
669 999 834 1063 templo
851 1019 920 1047 ara
938 1000 1085 1045 fanno
1105 1000 1216 1042 Patri
1241 999 1413 1058 Ignatio
1426 1034 1439 1054 ,
1472 994 1639 1059 eiusque
1669 994 1970 1042 anniuersarius
1995 996 2081 1045 dies
2105 1000 2173 1048 so-

512 1068 631 1116 lenni
646 1067 848 1116 sacrificio
873 1063 1125 1121 celebratur,
1142 1080 1188 1107 ac
1213 1059 1359 1107 multis
1387 1064 1552 1107 ciuium
1571 1057 1726 1106 colitur
1751 1060 1833 1121 pro
1856 1060 1984 1127 festo:
2006 1065 2175 1130 iamque

513 1135 607 1184 vius
626 1133 833 1190 obtinuit,
852 1147 896 1178 vt
914 1126 1112 1176 nostrum
1129 1123 1280 1190 aliquis
1295 1144 1346 1173 eo
1367 1125 1435 1172 die
1453 1125 1506 1173 de
1525 1128 1644 1172 sseati
1660 1128 1742 1174 viti
1758 1124 1954 1174 laudibus
1966 1127 2175 1194 -dicatfre-

516 1203 662 1265 quenti
680 1198 839 1260 semper
857 1196 1082 1241 concione.
1951 1193 1954 1196 “
2144 1253 2146 1256 v

582 1262 741 1311 lllustre
767 1270 809 1308 &
837 1258 945 1307 illud
976 1256 1206 1322 multoque
1232 1262 1437 1304 recentius
1467 1258 1720 1320 Antuerpiae
1748 1259 1931 1319 contigit
1955 1260 1999 1304 in
2016 1260 2177 1309 ‘Maria'

518 1327 742 1375 Bonnierifi
760 1330 927 1390 virgine
944 1365 956 1385 ,
985 1342 1082 1388 quae
1111 1339 1316 1388 quartum
1342 1327 1430 1370 iam
1458 1340 1623 1369 annum
1648 1339 1760 1386 aegra
1788 1321 2104 1386 decumbebat,
2130 1336 2178 1375 &

518 1394 693 1441 biennio
711 1391 889 1456 quidem
905 1406 1000 1438 toto
1017 1387 1143 1436 affixa
1160 1388 1348 1437 haerebat
1364 1386 1478 1435 lecto
1495 1391 1779 1447 continenter,
1793 1385 1955 1436 viribus
1974 1389 2081 1438 adeo
2092 1395 2177 1440 im-

518 1457 888 1521 becilla,vtneque
906 1454 1085 1520 pedibus
1106 1453 1315 1513 insistere,
1337 1471 1414 1500 nec
1443 1451 1630 1501 vestibus
1659 1453 1698 1498 se
1715 1454 1905 1514 induere,
1925 1452 2178 1522 plerumque

515 1528 643 1572 ctiam
661 1542 737 1570 nec
754 1540 906 1569 manus
920 1519 1052 1584 pedes
1060 1518 1129 1566 'ue
1145 1536 1426 1566 commouere
1441 1520 1586 1582 posset.
1608 1518 1819 1582 scaturigo
1841 1518 1947 1567 mali
1975 1537 2084 1580 erat,
2102 1523 2178 1571 lie-

513 1593 604 1649 nis,
619 1594 723 1638 vteri
740 1585 1017 1652 iecinorisc'lue
1030 1605 1058 1632 o
1095 1585 1291 1642 strt16ti03
1308 1602 1403 1647 quae
1417 1583 1517 1631 dein
1531 1588 1576 1631 in
1594 1581 1771 1631 scirrhos
1789 1586 2005 1647 conuersa,
2024 1591 2179 1637 imme-

513 1654 696 1704 dicabile
717 1656 869 1702 fecerat
896 1658 1068 1702 vitium.
1114 1648 1176 1698 1Ξό
1195 1651 1368 1714 propius
1396 1650 1420 1697 ai
1445 1647 1650 1712 periculo!
1665 1653 1752 1696 iam
1777 1649 1910 1698 abeffe
1935 1652 2178 1717 videbatur,

513 1721 636 1785 quod
654 1740 723 1787 per
751 1720 919 1768 dolores
948 1714 1395 1783 hypochondriorum
1423 1716 1621 1780 frequens
1647 1719 1797 1763 animo
1812 1714 2102 1783 linqueretur,
2125 1724 2178 1772 ad

517 1788 660 1845 deum,
677 1788 729 1834 ad
747 1791 933 1844 vicenas,
951 1784 1004 1831 ad
1021 1781 1313 1849 quadragenas
1329 1784 1460 1829 etiam
1474 1781 1615 1840 hora53
1628 1780 1750 1845 quod
1762 1799 1881 1829 crura
1898 1791 1942 1831 δε
1958 1783 2178 1837 abdomen

517 1852 711 1899 euidente
728 1856 946 1899 intercutis
965 1868 1085 1915 aquae
1105 1853 1214 1896 vitio
1232 1846 1550 1906 intumuissent3
1575 1846 1696 1912 quod
1722 1852 1839 1895 nerui
1856 1849 1983 1897 essent
2012 1868 2178 1901 contra-

517 1921 593 1978 cti,
613 1917 802 1982 palatum
818 1914 996 1982 pustulis
1014 1914 1302 1962 exulceratum
1323 1923 1367 1961 &
1385 1911 1501 1962 foede
1518 1913 1655 1974 biam,
1670 1930 1815 1961 totum
1833 1932 1987 1979 corpus
2006 1917 2178 1966 liuenti-

517 1982 594 2030 bus
609 1983 784 2031 maculis
801 1981 1080 2046 conspersum.
1122 1984 1172 2028 In
1189 1980 1307 2028 tanta
1320 1983 1518 2044 congerie
1529 1978 1790 2028 morborum
1804 2018 1817 2037 ,
1834 1979 1951 2045 spem
1967 1987 2066 2030 vitae
2085 1982 2181 2032 nul-

515 2048 603 2096 lam
618 2047 817 2107 habebat3
843 2065 1058 2111 magnum
1080 2051 1232 2094 mortis
1249 2045 1533 2104 desiderium,
1554 2044 1645 2110 quo
1670 2061 1736 2093 tot
1751 2044 1999 2095 liberaretur
2025 2067 2179 2100 aerum-

514 2121 591 2161 nis.
639 2114 710 2163 Ad
728 2131 969 2161 extremum
987 2154 999 2173 ‚
1026 2115 1203 2161 auetore
1233 2111 1505 2160 Confeffario
1522 2151 1535 2173 ,
1565 2113 1805 2176 Ignatianas
1835 2110 2033 2178 reliquias
2057 2133 2178 2167 reue-

513 2198 650 2228 tenter
670 2181 723 2228 ad
739 2179 901 2228 collum
917 2180 1104 2245 appendi
1118 2182 1330 2245 permittit
1348 2204 1361 2237 3
1378 2177 1672 2242 conceptaque
1688 2181 1733 2226 in
1756 2181 1838 2226 viti
1863 2178 1996 2228 saneti
2021 2185 2179 2229 meritis

1017 2244 1027 2261 Χ

514 2245 687 2307 fiducia,
709 2245 876 2294 dolores
895 2251 1087 2310 primum
1103 2245 1282 2310 quidem
1297 2242 1616 2292 intolerabiliter
1631 2247 1774 2309 augeri
1801 2243 1926 2292 sentit
1946 2270 1957 2304 ;
1983 2245 2052 2294 sed
2077 2266 2180 2296 mox
2206 2271 2208 2274 >
2230 2241 2233 2244 .

518 2317 561 2359 in
587 2313 761 2359 suauem
778 2313 974 2376 soporem
995 2312 1092 2376 post
1107 2314 1212 2358 orfito
1229 2309 1631 2358 dieruminsomnia
1647 2309 1895 2358 resoluitur:
1926 2325 2057 2377 quem
2081 2312 2181 2362 cum

516 2378 570 2423 ad
598 2379 721 2425 horas
751 2381 946 2443 quinque
978 2377 1143 2442 cepiffet
1161 2417 1174 2437 ,
1203 2379 1444 2441 experree'm
1471 2392 1670 2441 vegetam
1700 2374 1865 2440 prorsus
1896 2395 1944 2424 ac
1969 2376 2115 2440 sanam
2143 2379 2181 2426 se

517 2448 736 2508 comperit.
790 2448 938 2507 Itaque
954 2444 1157 2503 sororem,
1174 2460 1272 2507 quae
1300 2441 1418 2489 haud
1442 2440 1574 2506 longe
1591 2440 1762 2502 aberat,
1780 2438 1907 2489 simul
1930 2451 1975 2490 δε
1996 2447 2180 2491 miracu-

519 2506 609 2554 lum
631 2509 846 2557 inclamat.
867 2509 998 2557 vestes
1019 2510 1169 2573 poscit,
1189 2507 1383 2556 induitur
1399 2525 1473 2572 per
1491 2507 1529 2554 se
1553 2506 1656 2572 ipsa,
1671 2506 1786 2555 leeto
1808 2505 1967 2574 surgit,
1998 2507 2179 2572 pedibus

521 2571 688 2633 insistit,
707 2574 961 2623 cubiculum
976 2572 1221 2623 inambulat
1239 2573 1349 2621 nihil
1367 2572 1511 2621 alienae
1529 2576 1620 2620 iam
1636 2577 1729 2638 opis
1747 2572 1957 2637 indigens.
1996 2576 2110 2623 Mox
2124 2576 2180 2625 ad

2248 401 2251 418 l

521 2639 768 2700 prodigium
783 2658 1030 2687 concurrere
1049 2644 1233 2700 vicinia,
1257 2641 1418 2704 stupere
1443 2638 1637 2700 Medici,
1662 2640 1749 2705 ipsa
1774 2638 1961 2687 domum
1985 2640 2180 2690 nostram
2234 2653 2238 2658 '
2276 2654 2278 2670 ³
2319 2667 2321 2679 ι

522 2700 739 2764 aduolare,
754 2708 851 2751 Deo
872 2713 914 2752 ὃς
931 2711 969 2752 S.
988 2709 1156 2762 lunatio
1173 2706 1411 2768 sospitatori
1428 2704 1502 2752 suo
1518 2721 1652 2770 grates
1671 2720 1803 2770 agere.
1831 2706 1975 2753 Tanti}
1992 2710 2048 2753 rei
2066 2706 2182 2754 fam-“i

521 2786 739 2831 permotus
759 2770 944 2816 Antistes
962 2769 1078 2817 vrbis
1101 2771 1261 2833 Gaspar
1284 2773 1489 2831 Nemius,
1507 2789 1597 2818 non
1615 2775 1673 2818 ira
1694 2769 1860 2836 pridem
1887 2775 2179 2835 tuminaugu-

521 2850 648 2894 ratus,
673 2833 781 2880 duos
813 2832 1006 2882 Ecclesia:
1038 2835 1311 2883 Cathedralis
1337 2840 1588 2884 Canonicos
1618 2855 1762 2901 graues
1793 2839 1906 2885 viros
1928 2845 1972 2884 δε
1989 2836 2177 2884 eruditos

520 2897 633 2945 iussit
651 2897 870 2963 diligenter
885 2904 1111 2964 inquirere.
1131 2901 1204 2949 Ab
1224 2901 1288 2948 his
1308 2903 1426 2950 testes
1444 2901 1696 2967 quindecim
1710 2920 1758 2949 ex
1776 2906 2014 2949 innumeris
2026 2902 2175 2950 auditi.

521 2964 678 3011 deinde
695 2983 795 3010 cum
822 2965 1061 3031 Tlieologis
1089 2966 1232 3015 habit-3
1259 2967 1568 3016 consultatione
1599 2967 1704 3016 fides
1729 2967 1940 3015 miraculo
1970 2969 2177 3029 constitit,
2222 3016 2225 3025 ἵ

521 3049 570 3077 ac
588 3047 669 3092 pro
684 3047 736 3076 eo
755 3029 1002 3078 habendum
1023 3032 1432 3099 praedicandumque
1445 3033 1676 3099 Episcopus
1708 3036 2021 3098 pronuntiauit.

589 3099 676 3142 Vix
691 3099 925 3142 triennium
943 3096 1003 3142 est
1022 3115 1071 3142 ex
1083 3116 1170 3162 quo
1188 3098 1494 3147 Ruraemundae
1511 3103 1802 3165 patrocinium
1819 3099 1945 3146 suum
1974 3098 2180 3163 probauit

521 3164 711 3224 ignatius
731 3164 774 3207 in
793 3159 918 3223 ipsius
939 3161 1109 3209 Medici
1124 3161 1270 3222 fihola,
1286 3182 1417 3227 quam
1443 3170 1582 3229 grauis
1610 3164 1778 3229 aliquot
1803 3163 1972 3211 dierum
1996 3163 2176 3230 languor

522 3227 630 3273 adeo
655 3226 924 3286 exhauserat,
948 3229 1019 3273 vix
1039 3243 1086 3274 vt
1110 3226 1268 3274 offibus
1296 3228 1486 3276 haereret.
1519 3231 1710 3295 Suspicio
1730 3228 1928 3290 maleficij
1951 3247 2051 3289 erat,
2075 3234 2176 3296 quia

523 3309 597 3337 cau
607 3292 657 3338 ss'a
677 3292 821 3339 morbi
851 3290 969 3339 nulla
998 3291 1240 3356 apparebat.
1282 3297 1431 3340 Parens
1451 3298 1615 3343 vietam
1632 3294 1752 3342 fassus
1769 3310 1904 3342 artem
1921 3335 1935 3355 ‚
1962 3313 2174 3361 concepto

524 3374 629 3404 voto
644 3375 803 3422 aquam
818 3361 1092 3424 Ignatianam
1110 3356 1210 3407 filiae
1227 3358 1466 3438 potandam
1483 3360 1616 3409 dedit·
1648 3359 1811 3408 Exinde
1840 3357 1993 3409 melior
2016 3361 2176 3411 valetu-

2099 3425 2173 3485 do,
