2321 4013
314 2004 434 2040 Daniel

313 2050 946 2112 1²“f‘bmf‘2Teneramundanum
962 2099 977 2122 ,
1004 2066 1154 2126 magni
1178 2066 1315 2109 animi
1354 2061 1603 2125 virtutisque
1631 2064 1773 2108 virum
1789 2099 1801 2118 ,
1826 2063 1942 2106 cuius
1979 2062 2165 2109 maxime

502 299 613 352 870
759 300 1001 342 IMAGO
1057 293 1262 336 PRIMI
1315 287 1587 332 SAECVLI
1634 283 1987 328 SOC.1ESV.

500 378 667 426 ioniam
696 379 814 425 suam
841 371 1043 439 perpetuo
1068 367 1295 425 excoleret3
1316 368 1656 427 Nouiomagum
1675 379 1816 410 tamen
1832 360 1965 425 Belgij
1987 358 2154 424 vrbem,

501 445 592 510 quo
615 445 700 507 spes
726 442 906 489 vocabat
935 453 1092 498 magna
1108 431 1315 495 Collegij,
1335 428 1512 491 subinde
1537 427 1750 475 euolabat.
1776 425 1844 474 lbi
1863 426 1916 473 ad
1932 445 2032 473 eum
2049 433 2154 477 tanti

503 509 803 556 confitentium
823 502 935 549 fuere
951 499 1174 546 concursus
1191 537 1204 557 ,
1235 513 1299 556 vt,
1315 495 1516 558 quamuis
1533 495 1619 539 dies
1637 509 1751 539 totos
1776 493 1838 539 sui
1864 496 2034 555 copiam
2050 494 2158 540 face-

504 591 576 630 ret,
601 571 705 634 aegre
724 586 864 615 tamen
880 562 1148 613 multitudini
1162 564 1308 609 faceret
1322 562 1426 606 satis.
1465 557 1729 606 Affirmabat
1745 556 1824 603 tale
1844 555 1922 603 sibi
1935 555 2045 604 nihil
2058 577 2165 609 vma-

503 655 634 702 quam
653 634 725 682 vsu
740 632 918 690 venisse,
937 648 1013 677 nec
1030 626 1250 675 audiendis
1277 625 1358 672 illis
1385 624 1514 672 solete
1537 622 1772 686 defatigari,
1788 621 1854 668 sed
1874 639 1962 669 tam
1981 627 2157 670 recenti-

504 702 581 748 bus
601 699 718 746 fuisse
732 696 891 745 viribus
910 691 1272 760 postimpositum
1289 688 1508 738 laboribus
1535 688 1685 746 finem,
1711 686 1831 750 quasi
1852 703 1945 734 tum
1970 687 2157 750 primum

501 784 572 812 eos
596 764 828 811 inchoaret.
869 760 1073 825 Negabat
1095 775 1267 823 quoque
1295 757 1440 820 hospes
1456 759 1542 801 eius
1563 757 1813 799 Canonicus
1829 791 1842 811 ,
1869 769 2033 799 annum
2062 770 2158 800 ante

503 827 778 878 centesimum
796 843 935 875 tantos
950 831 993 872 in
1010 825 1056 871 ea
1076 824 1180 872 vrbe
1195 823 1312 870 fuiss'e
1328 820 1574 884 conspectos
1591 816 1657 866 vel
1675 816 1842 864 auditos
1858 817 2158 868 ardores.Tam

503 894 688 959 pulchris
708 897 837 940 initiis
864 890 980 939 haud
1011 888 1181 955 perinde
1208 887 1346 935 bonus
1375 890 1506 932 exitus
1532 882 1759 947 respondit.
1804 884 1879 928 Pia
1905 884 2160 948 virgo,quae

505 960 596 1008 suos
611 957 824 1016 Canissos‚
843 960 1016 1004 Petrum
1032 965 1074 1003 &
1092 953 1438 1007 Theodoricum,
1454 950 1603 997 sororis
1620 947 1729 995 filios
1751 951 1794 993 in
1812 949 2016 994 Societate
2031 947 2162 996 habe.

506 1023 598 1085 bat,
615 1025 721 1072 aedes
747 1023 836 1071 suas
863 1031 906 1069 &
921 1021 1158 1085 quamdam
1183 1035 1321 1063 aream
1341 1016 1570 1062 Leonardo
1586 1018 1630 1060 in
1649 1015 1865 1060 Societatis
1884 1011 2006 1060 Vsum
2032 1013 2163 1063 obtu-

505 1087 673 1148 lerat3ac
696 1089 829 1136 fratris
847 1088 905 1132 sui
923 1084 1110 1132 maxime
1124 1084 1394 1146 repugnantis
1408 1080 1559 1128 consen
1567 1080 1657 1126 sum
1673 1082 1805 1125 aureis
1822 1094 2007 1125 mercata
2019 1083 2162 1127 onitin-

507 1160 660 1215 gentis,
675 1154 953 1200 donationem
972 1149 1045 1196 rite
1077 1148 1323 1195 confecerat.
1350 1145 1399 1192 Id
1424 1146 1500 1194 vbi
1518 1143 1746 1209 vulgatum
1768 1144 1842 1203 est,
1858 1146 2162 1208 primariorum

506 1210 708 1268 nonnulli
731 1215 985 1263 conscientia
1003 1231 1141 1278 prauae
1166 1211 1379 1276 religionis
1407 1215 1660 1258 contrariam
1693 1207 1769 1256 fibi
1798 1211 2052 1256 Societatem
2073 1211 2164 1259 fore

506 1284 813 1347 intelligenteS,
840 1278 951 1327 fietis
978 1276 1347 1326 criminationibus
1376 1280 1420 1323 in
1445 1295 1540 1323 eam
1568 1291 1850 1322 commouent
1872 1278 2100 1335 Senatum,
2118 1286 2162 1325 ὃς
2195 1290 2198 1293 “

507 1349 645 1413 ipsum
659 1354 700 1395 in
730 1346 958 1410 Religione
981 1360 1217 1392 nutantem.
1272 1341 1500 1405 Extemplo
1517 1346 1689 1388 Senatus
1716 1344 1946 1387 renuntiari
1983 1341 2164 1390 Keffelio
2194 1402 2197 1405 Ι

508 1413 633 1473 iussit,
658 1411 762 1460 vrbe
780 1411 995 1459 facesseret.
1024 1408 1184 1456 Aderat
1204 1425 1298 1455 tum
1332 1405 1410 1471 ipfi
1428 1406 1489 1454 illi
1514 1410 1671 1470 virgini
1687 1405 1961 1453 moribundae
1978 1408 2161 1454 Leonat-

507 1479 615 1537 dus,
650 1481 976 1541 &migrantem
1006 1478 1199 1521 animam
1230 1471 1437 1519 consuetis
1465 1475 1564 1518 Deo
1593 1471 1784 1535 precibus
1815 1470 2161 1521 commendabat.

509 1546 685 1609 Qoiu
704 1557 877 1589 munere
894 1536 1276 1602 eum‘interpellari
1303 1537 1421 1584 haud
1438 1536 1531 1584 sunt
1562 1534 1664 1601 pasli
1693 1535 1940 1582 familiares,
1978 1535 2067 1584 Vbi
2091 1537 2163 1586 illa
2192 1597 2195 1602 ῃ

505 1606 686 1667 excessit,
703 1624 878 1671 accepto
901 1611 1074 1652 Senatus
1091 1606 1329 1667 edi&o,per
1345 1602 1561 1650 summam
1584 1605 1783 1648 iniuriam
1810 1599 2056 1665 posseffione
2085 1602 2164 1650 do-

507 1692 601 1722 mus
626 1673 800 1738 ipsaque
816 1675 979 1733 eijcitur
999 1673 1183 1717 ciuitate.
1213 1668 1330 1716 haud
1346 1666 1525 1732 impune
1543 1666 1762 1732 profeeto:
1792 1685 1894 1714 nam
1915 1675 1959 1714 Se
1984 1669 2164 1731 Consul,
2192 1672 2194 1675 ’

509 1743 584 1804 qui
599 1738 807 1802 praecipue
825 1740 973 1784 auctor
988 1737 1188 1783 facinoris
1210 1734 1370 1792 fuerat,
1387 1735 1558 1798 gemina
1577 1731 1697 1797 prole
1713 1736 1757 1779 in
1782 1731 2050 1779 altercatione
2061 1752 2164 1781 mu-
2230 1738 2234 1744 '

512 1820 588 1851 tuo
606 1804 712 1850 ferro
738 1803 883 1850 necat&
903 1801 1076 1848 orbatus
1099 1800 1183 1860 est,
1207 1797 1409 1864 breuique
1432 1801 1605 1845 tertium
1633 1797 1718 1861 ipse
1739 1796 1868 1845 funus
1894 1796 2068 1848 acceffit.
2094 1804 2165 1846 Se-

514 1886 712 1916 natorum
730 1866 850 1925 alius,
864 1871 938 1932 qui
955 1870 1247 1930 pronuntiarat
1268 1865 1480 1926 edietum,
1501 1864 1614 1912 lenta
1629 1861 1758 1923 febre,
1776 1871 1836 1924 &,
1850 1863 1972 1929 quod
1991 1864 2163 1928 tristius,
2189 1870 2193 1880 ⁷

515 1934 726 1997 desperata
745 1937 880 1981 animi
897 1931 1023 1978 salute
1040 1930 1276 1978 contabuit.

580 1998 699 2046 Idem
728 2002 803 2063 qui
832 1995 1064 2045 Kesselium
1090 1995 1195 2057 dies,
1219 1995 1338 2043 dedit
1367 2004 1411 2044 &
1440 1997 1637 2042 Societati
1671 1991 1900 2041 Danielem
1930 1987 2165 2045 Parebruck

509 2134 751 2192 patrocinio
779 2128 916 2176 leuata
938 2132 1076 2192 prima
1104 2130 1330 2174 Sociorum
1357 2128 1540 2187 Louanij
1562 2125 1732 2190 egestas.
1773 2128 1884 2172 Rem
1910 2125 2100 2187 praeclare
2120 2130 2165 2174 in

511 2192 652 2242 Sicilia
668 2192 786 2259 gessit
810 2196 1040 2253 Panormi,
1065 2196 1270 2252 Catanae,
1297 2191 1473 2257 aliisc'jue
1492 2190 1595 2238 locis
1611 2216 1621 2250 3
1640 2209 1688 2238 ac
1713 2189 1922 2254 praecipue
1938 2194 1982 2237 in
1998 2191 2164 2254 oppido

513 2260 719 2320 ltalfi,vbi
734 2269 777 2308 &
793 2258 1008 2324 populum
1037 2258 1175 2322 ipsum
1207 2266 1249 2305 ὃς
1274 2256 1511 2305 Abbatiam
1529 2255 1857 2304 Monachorum
1875 2255 2008 2302 sanCti
2022 2255 2162 2318 Bafilij

513 2325 568 2371 ad
591 2330 803 2391 egregiam
822 2324 1077 2372 Christianae
1102 2328 1197 2371 vitae
1212 2325 1403 2370 formam
1426 2322 1632 2379 excoluit,
1653 2320 1898 2386 Grrecistfiue
1912 2319 2165 2374 eorumdem

513 2389 687 2451 ritibus,
714 2409 821 2456 quos
852 2407 924 2454 per
949 2388 1289 2453 imprudentiam
1319 2387 1575 2451 despiciebat
1592 2385 1801 2452 populus,
1832 2385 2006 2450 publice
2034 2386 2164 2450 expli-

515 2459 765 2518 catis‚quam
785 2472 998 2502 merentur
1015 2457 1318 2501 austoritatem
1335 2451 1739 2517 venerationemque
1756 2449 2016 2499 conciliauit,
2031 2455 2164 2500 Inter-

516 2517 622 2565 dum
643 2529 685 2567 ὃς
700 2539 771 2585 per
795 2519 1029 2569 Dioecesnn
1055 2521 1365 2566 Mamertinam
1390 2537 1570 2565 omnem
1597 2521 1790 2577 excurrit,
1810 2515 2063 2581 Apostolico
2085 2522 2165 2566 ritu

517 2585 761 2648 oppidatim
782 2593 825 2633 &
843 2589 1032 2650 pagatim
1053 2585 1337 2632 catechisticas
1363 2584 1565 2632 inducens
1591 2582 1768 2641 scholas;
1783 2601 1859 2629 nec
1882 2600 1980 2629 cum
1998 2586 2163 2631 viarum

518 2649 655 2695 modo
679 2649 897 2698 laboribus
914 2691 926 2711 ‚
954 2651 1023 2699 stzd
1051 2669 1151 2697 cum
1168 2652 1297 2709 fame,
1319 2648 1403 2708 siti,
1426 2649 1648 2714 rerumque
1665 2667 1768 2712 quas
1786 2664 1935 2695 natura
1961 2646 2165 2696 desiderat
2222 2675 2225 2678 >

519 2712 665 2776 inopia
699 2712 907 2774 laetatur„
929 2714 1166 2780 aequiffimo
1194 2714 1354 2778 semper
1385 2718 1533 2762 animo
1549 2712 1761 2780 laetoque,
1793 2722 1836 2761 &
1854 2712 1907 2760 ad
1930 2712 2163 2761 dicendum

519 2779 856 2843 quaestionestjue
877 2780 1133 2841 grauissimas
1151 2779 1416 2843 explicandas
1445 2779 1608 2843 semper
1626 2794 1854 2843 prompto,
1876 2776 2039 2825 tametsi
2055 2785 2097 2824 ὃς
2110 2777 2164 2825 li-

521 2840 701 2889 brorum
721 2848 868 2907 copia,
895 2852 937 2890 &
955 2849 1095 2891 otium
1121 2844 1175 2891 ad
1199 2845 1585 2892 commentandum
1614 2843 1786 2892 deesset.
1837 2843 1910 2890 Ad
1936 2841 2163 2891 Palaesti-nae
2214 2863 2216 2865 ·
2264 2879 2266 2889 ,

520 2906 631 2953 sacra
648 2906 740 2954 loca
767 2908 822 2955 ab
846 2912 1069 2972 impietatis
1096 2910 1316 2974 tyrannide
1341 2909 1602 2958 vindicanda
1629 2914 1778 2974 ingens
1799 2925 1885 2956 erat
1909 2908 2082 2955 homini
2098 2926 2163 2956 at-

519 2971 613 3029 dor,
631 2972 761 3035 eaque
784 2972 851 3036 spe
870 2992 957 3020 non
981 2974 1117 3021 modo
1138 2974 1227 3022 aliis
1253 2974 1482 3039 disciplinis
1503 2977 1649 3039 peetus
1678 2973 1892 3022 imbuerat
1908 3012 1921 3032 ,
1946 2973 2016 3020 sed
2043 2976 2162 3020 Grae-

518 3052 617 3083 cam
640 3055 815 3101 quoque
842 3035 1033 3101 linguam
1056 3047 1098 3085 δε
1119 3039 1350 3095 Hebraeam
1376 3039 1576 3088 didicerat
1596 3039 1797 3087 accurate.
1843 3042 1956 3085 Inter
1973 3037 2063 3084 haec
2079 3038 2160 3086 stu-

517 3099 590 3148 dia
607 3101 705 3149 cum
733 3102 829 3149 effer
843 3103 1006 3148 Montis
1021 3103 1189 3167 Regalis
1209 3107 1384 3164 Reecor,
1404 3109 1667 3152 Panormum
1683 3102 1792 3151 forte
1808 3101 2022 3166 digressus,
2049 3111 2164 3151 mor'-

520 3164 627 3213 bum
661 3167 926 3230 mortemque
948 3184 1038 3213 non
1061 3169 1337 3231 improuisam
1362 3173 1548 3217 inuenit.
1590 3168 1745 3216 Multis
1776 3184 2006 3232 antequam
2023 3167 2161 3216 obiret

521 3229 687 3293 diebus,
707 3235 882 3289 Rectori
903 3234 1210 3278 Panormitano
1227 3233 1360 3280 Paulo
1378 3234 1558 3295 Achilli,
1577 3243 1620 3282 δε
1638 3233 1714 3297 ipsi
1730 3232 1985 3280 Prouinciali
2009 3236 2162 3281 Hiero-

518 3311 657 3359 nymo
684 3296 1024 3351 Domeneccosa
1042 3315 1130 3361 quo
1154 3295 1245 3344 haec
1271 3296 1519 3363 consignata
1542 3300 1687 3347 litteris
1713 3302 1977 3359 accepimus)
2005 3298 2162 3347 eonfit-

519 3364 659 3410 mauit
673 3364 810 3414 visum
827 3360 907 3411 sibi
923 3361 1001 3410 esse
1025 3365 1228 3411 iuuenem
1253 3363 1339 3413 vna
1363 3382 1465 3413 cum
1482 3364 1651 3414 duobus
1667 3362 1916 3426 eomitibtiS,
1933 3382 1982 3412 ac
1997 3363 2161 3412 denun-

997 3428 1001 3431 ’
2034 3427 2159 3489 tiaffe‚
