2321 4013
310 1941 456 1976 Made-

306 2003 408 2032 mzm,

303 2379 473 2414 Bella'rmi—

301 2438 370 2462 vus,

519 282 630 328 860
755 285 997 328 IMAGO
1049 275 1568 323 PRIMISAECVLI
1609 275 1968 317 SOC.1E·SV·.

2077 364 2166 398 Ore.-

518 357 816 405 duodeujojntj
835 358 983 419 reperit
997 351 1186 398 eiusdem
1207 353 1360 396 mentis
1377 347 1627 394 leetissimos
1641 352 1828 394 iuuenes:
1845 348 2004 413 quibus
2021 366 2100 415 agD

523 438 645 487 gatus
677 401 925 469 agdomum
943 419 1073 464 redire
1099 416 1314 480 pertaesus‚
1345 412 1511 460 clauem
1537 411 1726 459 cubiculi
1749 416 1894 459 amico
1917 413 2073 472 tradit,
2099 416 2168 464 su..

519 461 778 551 pellec’tilem
797 483 1084 531 domesticam
1101 496 1299 528 curaturo
1312 515 1324 538 ,
1340 477 1712 541 transiniffuroc'jue
1730 479 1784 524 ad
1803 494 2005 541 parentes.
2031 483 2167 546 Qid

518 550 681 597 Heroe's
700 549 795 596 illos
817 545 1267 606 dicam,Edmundum
1281 546 1598 606 Campianum,
1613 541 1860 590 Robertum
1875 544 2164 605 Sothuellum,

518 616 745 662 Thomam
768 618 1008 661 Garnetum
1025 649 1037 668 ‚
1069 613 1313 658 I-Ienricum
1339 606 1620 672 Walpolum,
1655 610 1862 654 Ioannem
1894 608 2162 674 Ogilbaeum‚

516 682 806 726 Dominicum
825 676 1054 725 Collinum
1072 715 1085 736 ,
1116 672 1359 722 Camillum
1388 672 1724 730 Constantium,
1753 672 2083 739 aliosquequos
2110 679 2165 727 ad

513 748 703 808 martyrij
730 744 914 808 gloriam
944 741 1113 805 Belgica
1136 741 1278 787 nostra
1306 757 1396 787 non
1430 741 1576 802 genuit
1608 738 1815 800 quidem,
1845 739 1913 785 sed
1949 741 2165 791 educauit?

515 809 761 856 Camillum
781 809 953 856 Alberti
968 811 1172 871 Principis
1193 805 1399 870 stipendia
1416 815 1646 850 merentem
1666 802 1748 850 hoc
1766 804 1858 867 ipso
1880 802 2031 853 saeculo
2055 807 2166 857 vidit

515 875 725 922 Ostenda.
750 876 855 922 Inde
868 879 911 922 in
929 872 1154 922 meliorem
1173 871 1335 919 transiit
1349 869 1549 917 militiam
1569 872 1625 914 IE
1642 886 1660 914 s
1676 885 1705 915 v
1731 868 1866 926 duce3
1883 873 2000 918 cuius
2026 879 2070 920 <Sc
2095 892 2165 922 ca-

515 939 598 987 stra
617 944 661 987 in
681 940 855 988 vltimos
875 938 1030 987 mundi
1045 934 1149 984 fines
1169 937 1327 984 secutus
1342 935 1415 993 est,
1437 939 1506 981 cui
1521 933 1716 999 profudit
1737 942 1779 982 ὃς
1794 938 1944 984 vitam.
1984 939 2071 986 Hic
2094 938 2165 988 ille

514 1005 575 1052 est
588 1003 819 1066 Camillus,
838 1023 967 1069 quem
982 1003 1153 1050 Firandi'
1177 1006 1221 1048 in
1236 1000 1418 1064 Iaponifi.
1431 1018 1479 1046 ex
1497 998 1593 1063 ipsis
1614 998 1804 1046 flammis
1823 998 1997 1066 Belgico
2009 1002 2165 1052 sermo-

514 1088 568 1117 ne
593 1088 857 1136 perorantem
878 1069 1045 1116 audiuit
1071 1070 1252 1113 Batauus
1269 1106 1282 1126 ‚
1304 1065 1355 1111 eo
1378 1082 1473 1112 tum
1496 1065 1603 1112 forte
1630 1063 1711 1112 suis
1740 1065 1924 1112 nauibus
1948 1068 2159 1131 appulsus:

512 1140 585 1183 cui
612 1153 878 1200 quamquam
898 1132 1136 1180 iucundum
1154 1148 1240 1179 erat
1257 1130 1546 1195 speetaculum
1564 1130 1714 1177 ardens
1732 1129 1884 1178 Iesuita
1897 1169 1909 1189 ‚
1923 1147 2066 1180 tamen
2085 1140 2165 1185 viri

513 1207 681 1248 animus
700 1201 1022 1262 constantiaque
1040 1197 1204 1260 stupori
1217 1197 1313 1256 fuit,
1330 1205 1372 1244 δε
1389 1195 1580 1243 obtinuit
1594 1196 1661 1244 vel
1680 1194 1734 1243 ab
1749 1196 1868 1244 hoste
1886 1204 2162 1261 praeconium.

513 1266 713 1313 collinus
744 1282 919 1327 quoque
947 1282 996 1309 ex
1011 1262 1225 1327 ‘equestris
1256 1279 1408 1310 rurmae
1430 1261 1544 1326 apud
1567 1278 1645 1309 nos
1679 1262 1861 1308 duetore
1881 1266 1922 1309 C
1938 1280 1972 1310 H
1989 1280 2021 1311 R
2038 1281 2053 1311 1
2069 1285 2086 1313 s
2103 1283 2160 1318 T1

512 1331 633 1377 miles
649 1329 841 1390 effeetus,
859 1330 1105 1394 generosum
1124 1327 1377 1391 sanguinem
1398 1331 1603 1392 martyrio
1620 1327 1857 1375 reseruauir.
1877 1332 2162 1392 Campianus,

510 1396 664 1443 nauata
681 1396 828 1442 studiis
847 1395 974 1458 operfi
989 1396 1147 1453 Duaci,
1166 1392 1517 1458 diuinoimpulsu
1532 1395 1654 1457 aetus
1674 1397 1870 1441 Romam
1884 1434 1896 1453 ,
1914 1392 1968 1442 ab
1992 1398 2162 1445 Euerar-

510 1461 569 1508 do
584 1460 813 1525 Praeposito
842 1459 1040 1507 Generali
1069 1462 1325 1506 Societatem
1343 1462 1604 1523 impetrauit.
1645 1457 1904 1522 Walpolum
1923 1459 2071 1508 Miffio
2094 1483 2163 1511 ca..

508 1523 671 1574 strenfis
689 1525 841 1574 habuit
853 1524 1131 1589 aliquamdiu.
1175 1527 1415 1571 Garnetum
1441 1526 1639 1570 Societati
1661 1523 1839 1586 protulit
1861 1525 2164 1578 Audomaren-

508 1591 548 1638 se
565 1591 819 1645 Anqlorum
837 1594 1122 1640 Seminarium
1141 1587 1218 1637 sub
1236 1590 1402 1653 AEgidij
1421 1587 1732 1636 Schondonchi
1748 1589 1972 1655 Brugeufis
1996 1594 2163 1642 institu-

508 1643 857 1705 tionefTironem
878 1655 1030 1703 habuit
1047 1658 1310 1702 Louanium.
1330 1653 1605 1702 Sothuellum
1633 1653 1782 1702 docuit
1800 1654 1976 1716 Leffius,
2000 1656 2077 1706 illo
2094 1661 2161 1707 di..

509 1740 617 1782 gnus
643 1721 854 1786 discipulo
878 1721 1103 1786 Magister.
1125 1718 1392 1785 Ogilbaeuse
1416 1724 1644 1768 Scotorum
1669 1724 1922 1782 Seminario,
1947 1723 2069 1787 quod
2085 1725 2162 1776 sub

507 1772 727 1836 ‘Societatis
746 1792 951 1846 regimine
968 1785 1075 1834 olim
1094 1787 1419 1846 Louanij,nunc
1437 1789 1581 1835 Duaci
1594 1786 1671 1846 est,
1690 1784 1816 1837 nobis
1835 1786 1967 1835 socius
1982 1790 2157 1841 acceffit.

577 1840 806 1901 Infinitum
826 1851 873 1900 sit
897 1853 1102 1900 recensere
1128 1857 1393 1899 nominatim
1422 1851 1599 1899 illustres
1625 1856 1754 1912 vitos,
1778 1856 1853 1917 qui
1869 1852 2043 1902 aliunde
2059 1862 2157 1920 orti,

510 1921 717 1966 virtutum
737 1917 1120 1983 doetrinarumcjue
1145 1917 1292 1965 lumen
1316 1922 1515 1966 Societati
1544 1916 1726 1982 Belgicae
1754 1917 1945 1967 intulere.
1984 1923 2158 1973 Petrum

508 1983 613 2031 certe
628 1982 961 2031 Ribadeneiram
975 1989 1124 2031 tacitus
1142 1988 1349 2048 praeterire
1371 2001 1458 2031 non
1485 1984 1653 2048 polium
1668 2022 1679 2042 ,
1705 2001 1795 2048 quo
1811 1988 2026 2049 praecipuo
2041 1990 2157 2052 apud

508 2050 756 2114 Philippum
771 2052 938 2114 Regem
955 2053 1127 2097 auctore
1144 2052 1345 2114 Belgium
1364 2049 1640 2115 postidemus.
1681 2052 1718 2096 Is
1746 2048 1842 2114 post
1858 2050 2054 2102 Stradam
2072 2056 2157 2103 Lo-

505 2118 620 2175 uanij
655 2118 807 2162 naetus
840 2118 998 2163 Latinae
1032 2134 1241 2180 campum
1269 2115 1553 2179 eloquentiae,
1571 2131 1714 2179 praeter
1732 2116 1984 2167 admiranda
2003 2120 2152 2179 multa,

503 2182 653 2244 ingens
681 2180 788 2228 illud
808 2184 1003 2228 societati
1028 2180 1153 2228 decus
1184 2185 1345 2246 peperit
1368 2180 1578 2229 Iacobum
1608 2180 1863 2229 Ledesmam
1894 2182 2155 2247 Hispanum,

501 2247 663 2308 ingenij
683 2246 974 2312 do&ririaeque
990 2263 1268 2310 portentum,
1293 2246 1346 2294 de
1378 2266 1468 2312 quo
1497 2248 1604 2294 infra
1631 2244 1835 2295 nonnihil
1861 2253 1937 2302 erit
1960 2268 2154 2299 comme-

502 2299 783 2360 morandum.
812 2312 912 2359 Post
930 2313 1282 2373 Ribadeneiram,
1297 2312 1690 2377 aliquotannorum
1706 2311 1955 2371 interuallo,
1975 2318 2018 2361 in
2036 2317 2153 2365 idem

502 2376 690 2425 stadium
719 2378 921 2443 ingressus
939 2378 1152 2426 Robertus
1180 2378 1484 2438 Bellarminus,
1510 2382 1587 2443 qui
1604 2378 1750 2442 postea
1777 2380 2019 2428 Cardinalis
2052 2383 2150 2441 fuit,

501 2440 721 2504 septennio
737 2461 831 2491 toto
847 2446 892 2490 in
919 2447 977 2490 D.
994 2444 1224 2492 Michaelis
1242 2445 1331 2492 aede
1349 2448 1543 2492 Romani
1562 2448 1758 2492 Oratoris
1777 2463 1938 2493 nomen
1968 2464 2069 2494 cum
2087 2452 2153 2495 in-

502 2503 611 2570 signi
634 2506 756 2555 laude
789 2508 999 2570 sustinuit,
1028 2529 1074 2556 ac
1093 2513 1290 2573 praeterea
1314 2510 1439 2557 domi
1460 2514 1632 2558 Sacram
1647 2508 1894 2558 doetrinam
1911 2520 1954 2560 &
1972 2512 2152 2561 Hebrai-

501 2574 542 2617 ci
557 2573 758 2619 sermonis
776 2590 981 2639 prcecepta
1000 2573 1206 2623 tradebat.

567 2638 647 2684 Sed
665 2639 761 2700 post
788 2638 892 2686 illud
917 2657 1140 2687 externum
1166 2640 1339 2700 lumen,
1364 2641 1601 2688 domestica
1633 2640 1807 2688 tandem
1833 2644 1977 2705 patriae
2004 2638 2149 2705 sidera,

502 2717 691 2762 quorum
711 2708 853 2750 natiua
869 2704 939 2751 lux
952 2711 1126 2768 gratior,
1152 2707 1387 2770 aliquando
1404 2707 1669 2771 aspiciamus.
1705 2710 1863 2770 Neque
1879 2711 1994 2754 enim
2020 2726 2149 2755 exter-

503 2763 558 2809 nfi
573 2767 741 2813 tantum
765 2766 855 2813 luce
873 2769 1061 2831 splendet
1075 2775 1256 2817 Societas
1276 2771 1458 2837 Belgica:
1474 2773 1610 2837 ipsum
1629 2774 1756 2818 etiam
1787 2771 1987 2837 Belgium
2003 2809 2016 2829 ,
2037 2771 2066 2820 fi
2085 2775 2146 2821 fas

501 2828 563 2875 est
581 2830 733 2887 dicere,
751 2836 792 2878 in
818 2850 967 2880 exteras
987 2839 1193 2898 regiones,
1214 2841 1509 2897 Germaniam,
1528 2836 1717 2884 Galliam
1731 2838 1923 2896 ‚Italiam
1936 2878 1950 2898 ,
1970 2837 2149 2904 aliasque
2213 2890 2217 2899 ,
2274 2856 2277 2865 ’

500 2899 744 2942 remotiores
762 2912 960 2945 terrarum
980 2918 1091 2960 oras,
1106 2901 1269 2948 lumina
1287 2903 1486 2966 quaedam
1501 2903 1570 2950 sua
1584 2900 1774 2950 diffudit.
1808 2902 1935 2950 Italiae
1950 2903 2148 2959 dedimus

497 2960 816 3022 Mercurianos,
835 2964 1075 3025 Cornelios,
1098 2967 1418 3015 Berchmannos
1433 2995 1443 3027 3
1459 2968 1610 3016 Siciliae
1630 2968 1900 3027 Vishauaeos,
1919 2972 2144 3028 Vinckios,

497 3023 713 3083 Danieles,
731 3030 969 3075 Germaniae
987 3029 1203 3091 Canifios,
1224 3033 1477 3095 Goudanos‚
1496 3033 1681 3094 Demos,
1700 3033 1884 3094 Busaeos,
1899 3036 2143 3096 Deckerios,

497 3090 858 3148 Becanos3Galliae
873 3095 1260 3153 Manaraeos31ndiis
1279 3098 1774 3164 Barzaeos,Trigaultios.
1801 3099 1963 3146 Verum
1984 3118 2036 3146 ne
2054 3109 2147 3149 ma*—

499 3172 583 3217 gna
597 3162 776 3203 nomina
795 3158 951 3204 temere
979 3158 1223 3224 congeffiffe
1243 3162 1466 3210 videamur
1479 3205 1492 3224 ,
1511 3183 1559 3211 ex
1574 3163 1801 3211 illustrium
1820 3161 2048 3227 Belgarum
2073 3185 2147 3228 co,-

497 3220 569 3281 pia
591 3222 824 3269 nonnullos
849 3222 1048 3270 distinet&
1077 3242 1388 3288 proponamus,
1404 3247 1493 3276 non
1507 3230 1561 3276 ad
1575 3228 1707 3277 solam
1726 3228 1915 3291 ipsorum
1932 3227 2113 3293 gloriam
2128 3270 2144 3290 ,

499 3282 569 3330 sed
586 3286 640 3332 ad
655 3286 973 3335 aemulationem
993 3307 1166 3353 quoque
1183 3292 1437 3350 nostram3vt
1453 3299 1605 3358 patrias
1623 3296 1829 3358 imagines
1845 3295 2140 3360 contemplati,

498 3351 706 3400 virtutum
727 3350 1055 3404 similitudinem
1071 3354 1313 3405 studeamus
1329 3359 1374 3404 in
1387 3376 1464 3407 nos
1488 3364 1732 3408 imitatione
1750 3357 1979 3407 traducere.
2010 3404 2013 3408 .

1944 3423 2138 3475 .Illustres
2193 3435 2196 3438 ’

2264 1570 2266 1612 l
