2321 4013
380 1514 539 1559 (ἳνοηὶηξι

378 1563 547 1605 Collegium

375 1608 552 1642 inchoatuzn

381 1668 476 1702 1590.

585 321 688 380 756
808 319 1048 366 IMAGO
1092 306 2005 359 PRIMISAECVLISOC.1ESV.

583 422 666 464 tus,
686 413 728 452 δε
749 403 853 452 boni
885 400 1071 464 publici,
1103 393 1222 458 quod
1251 390 1477 453 Religione
1504 383 1771 450 potissimum
1797 385 1896 444 stat,
1930 385 2028 433 vere
2058 403 2217 449 amans,

583 471 772 517 constare
796 466 984 518 iubebat,
1004 479 1080 508 nec
1099 456 1339 520 tempestati
1356 454 1515 500 cedere:
1536 450 1680 498 locum
1708 454 1822 496 enim
1841 451 1994 498 nostris
2013 455 2220 513 aptiorem
2279 481 2282 492 ·

583 535 726 583 vfibus
755 549 842 579 non
864 527 984 575 facile
1010 521 1206 571 Bruxellis
1228 524 1324 567 totis
1359 517 1472 582 polle
1501 518 1682 579 reperiri.
1721 515 1910 562 Cosmus
1933 518 2062 561 etiam
2095 518 2219 568 Maffi

583 600 701 646 suam
729 595 854 642 nobis
885 592 991 638 statu
1012 606 1149 636 rerum
1168 583 1332 632 difficili
1352 582 1553 646 probauit
1579 578 1712 625 fidem
1729 619 1742 639 ,
1775 580 1953 642 quando
1987 580 2039 626 de
2070 583 2219 646 Ducis,

581 681 711 726 quem
730 660 775 706 est
792 661 1011 718 emptione
1028 646 1242 700 offensum
1263 647 1386 694 nobis
1407 643 1647 708 iratumque
1661 644 1879 692 iaetabant
1904 644 2072 701 aemuli,
2095 646 2220 696 bene-
2277 653 2281 679 2³

581 724 766 772 uolentia
790 721 902 769 iussit
927 720 1004 766 effe
1022 718 1194 765 securos.
1230 711 1427 760 Gaudere
1449 709 1572 757 illum
1606 708 1745 755 aiebat
1776 709 1930 755 nostris
1960 713 2219 781 commodis,
2278 717 2280 737 ⁵

580 789 648 836 sed
666 790 718 836 ad
736 788 863 836 breue
881 784 1043 832 seruisse
1068 783 1268 844 tempori,
1283 773 1622 839 affumpfiss'cque
1639 773 1816 838 aliquod
1832 773 2063 823 suboffenfi
2079 775 2221 828 homi-
2277 802 2280 840 ξ

578 859 644 900 nis
670 851 938 918 supercilium
968 865 1136 913 propter
1153 851 1421 907 importunas
1453 837 1710 887 aemulorum
1741 838 1990 886 nostrorum
2022 842 2220 908 querelas,
2277 843 2280 884 ἷ

581 936 689 982 quos
706 923 748 965 in
765 916 935 981 praesens
955 912 1139 961 offensos
1149 907 1355 958 noluiss'et.
1382 904 1584 952 Ceterum
1603 903 1656 950 ab
1672 904 1762 977 ipso
1773 907 1914 963 Duce,
1939 909 2007 951 cui
2025 906 2110 968 ipse
2126 912 2222 958 inti.

581 1003 677 1031 mus
699 992 741 1030 ὃς
761 985 784 1030 ’.ἰ
802 981 956 1030 secretis
977 995 1086 1037 erat,
1108 973 1379 1023 subleuandis
1409 973 1643 1034 emptionis
1674 967 1872 1032 impensis
1897 968 2082 1017 florenos
2107 975 2222 1024 mille
2277 983 2279 988 ’

582 1049 916 1113 repraesentauit,
937 1052 979 1091 &
1009 1042 1111 1090 alios
1136 1057 1196 1087 ter
1222 1035 1341 1084 mille
1370 1036 1567 1099 apposuit
1595 1034 1645 1080 de
1674 1033 1762 1080 suo.
1803 1037 1949 1098 Itaque
1982 1037 2159 1099 perstitit
2179 1043 2221 1089 in
2276 1038 2279 1044 ‘

585 1113 902 1162 Grimberffifflo
917 1108 1056 1155 fundo
1075 1108 1273 1162 Societas,
1293 1110 1337 1148 &
1354 1100 1535 1148 labentis
1550 1099 1684 1146 saeculi
1701 1118 1815 1146 anno
1832 1117 1983 1164 quarto
1997 1101 2157 1151 scholas
2169 1106 2222 1154 ab

582 1177 680 1242 ipsis
711 1153 975 1238 Priffcipibus
1007 1170 1190 1218 Albetto
1218 1176 1262 1216 &
1279 1165 1451 1214 lsabella
1482 1162 1712 1229 postulatas
1743 1168 1918 1229 aperuit.
1958 1169 2069 1213 Eoru
2078 1169 2220 1221 tndem

583 1246 828 1305 Principum
845 1238 1037 1300 auspiciis
1055 1243 1098 1281 &
1117 1233 1329 1298 praecipua
1347 1231 1597 1280 liberalitate
1614 1230 1828 1294 templum
1847 1228 1954 1278 illud
1982 1235 2220 1298 augustum,

581 1324 742 1354 maono
756 1303 869 1353 vrbis
888 1318 982 1350 tum
1001 1299 1244 1348 commodo
1260 1314 1357 1344 tum
1372 1296 1713 1354 ornamento,est
1729 1294 2054 1344 exaedificatum.
2071 1303 2222 1350 quen-

580 1388 644 1418 tus
655 1346 775 1418 over&
803 1367 988 1416 studiosa
1013 1364 1169 1428 gaudet
1201 1362 1344 1410 nobili
1363 1359 1629 1427 Gymnafio:
1661 1361 1776 1408 bona
1812 1362 1981 1426 insuper
2009 1364 2218 1432 domicilij

580 1453 672 1500 pars
689 1434 839 1482 nostris
853 1430 993 1480 vfibus
1008 1418 1166 1477 ὲεὶιιξῒεῑ
1183 1428 1451 1492 conspicitur.

644 1497 886 1547 Laborabat
904 1495 1167 1544 iamdudum
1188 1497 1426 1559 Groningae
1441 1510 1499 1540 res
1512 1491 1742 1540 Catholica
1758 1500 1801 1539 &
1818 1494 2221 1558 RegiS,inualest:en-

581 1580 622 1611 te
638 1564 954 1612 Foederatorum
977 1560 1201 1609 Ordinum
1232 1559 1423 1624 potenti-si
1438 1597 1451 1618 ‚
1476 1556 1769 1623 omnibusque
1791 1561 1952 1606 circum
1978 1561 2148 1625 oppidis
2178 1583 2222 1612 ac

581 1627 916 1695 propugnaculis
933 1626 1132 1675 subactis:
1151 1623 1240 1674 sola
1259 1623 1440 1672 restabat
1456 1624 1552 1672 vrbs
1580 1627 1814 1687 prouinciae
1844 1641 1997 1688 caput,
2025 1626 2222 1694 idemque

581 1696 722 1744 sortita
736 1695 1164 1755 nomen,Groninga,
1184 1699 1229 1738 &
1245 1690 1470 1738 constabat
1486 1692 1530 1736 in
1551 1688 1638 1736 fide
1662 1707 1758 1753 erga
1776 1692 1960 1755 Regem,
1981 1688 2065 1738 siue
2083 1691 2224 1741 bono..

584 1777 680 1808 rum
704 1757 855 1809 virtute
878 1758 1217 1824 Magistratuum
1233 1795 1246 1816 ,
1276 1754 1360 1803 fine
1376 1760 1477 1820 quia
1500 1754 1646 1804 valido
1664 1753 1859 1818 praesidio
1884 1755 2118 1805 tenebatur.
2148 1763 2221 1808 Ci-

586 1829 708 1874 uium
720 1843 864 1874 tamen
879 1823 1008 1889 aliqui
1019 1842 1155 1871 nouas
1172 1823 1224 1869 de
1238 1821 1335 1869 Fide
1351 1824 1574 1886 opiniones
1593 1819 1718 1868 auide
1734 1820 2003 1882 hauriebant,
2021 1842 2124 1887 quas
2139 1826 2221 1873 fur-

586 1895 666 1938 tim
686 1890 867 1939 &malis
884 1888 1043 1937 artibus
1061 1887 1227 1954 ingressi
1247 1904 1474 1935 nouatores
1494 1887 1677 1933 haeretici
1704 1904 1754 1933 ex
1782 1886 1955 1934 occulto
1984 1889 2222 1939 dissemina-

587 1954 703 2004 bant.
742 1955 961 2021 Philippus
977 1957 1069 2002 Rex
1086 1953 1261 2019 periculi
1276 1952 1544 2012 admonituS,
1558 1956 1809 2000 Societatem
1826 1952 2017 2001 nostram
2037 1954 2221 2019 gliscenti

585 2023 705 2069 malo
718 2025 774 2069 ire
789 2021 969 2070 obuiam
987 2019 1143 2078 voluit;
1157 2019 1355 2084 professus
1374 2036 1469 2065 eam
1490 2016 1568 2066 fibi
1585 2014 1774 2066 maxime
1788 2018 1991 2066 idoneam
2014 2021 2146 2069 videri
2170 2022 2233 2071 ad*

583 2086 823 2135 retinendos
840 2091 885 2134 in
899 2085 1145 2134 obedientia
1161 2089 1289 2145 ciues,
1303 2102 1384 2147 prae
1401 2080 1497 2147 ipsis
1512 2087 1637 2131 armis
1656 2093 1698 2131 &
1715 2088 1842 2131 omni
1859 2083 1995 2131 milite
2014 2085 2221 2150 praefidia-

581 2155 660 2199 rio.
683 2151 820 2216 Qod
834 2150 1132 2217 grauiffimum
1149 2148 1609 2215 PrudentiffimiRegis
1638 2149 1689 2197 de
1707 2153 1913 2197 Societate
1939 2149 2145 2200 iudicium
2159 2157 2222 2201 in-

580 2234 720 2280 gentes
735 2217 860 2266 nobis
879 2215 1075 2264 stimulos
1094 2216 1290 2276 addidit,
1315 2231 1363 2265 vt
1386 2230 1512 2262 tantae
1536 2218 1734 2277 opinioni
1761 2212 2145 2283 exspetstationique
2166 2236 2233 2266 re--

580 2283 784 2345 spondere
812 2299 1078 2331 conaremur.
1109 2280 1232 2328 Miffi
1261 2281 1647 2346 ad—auspicandam
1677 2281 1991 2328 habitationem
2010 2284 2221 2331 Adrianus

582 2347 800 2396 Arboreus
818 2357 862 2396 δε
881 2348 1089 2396 Zachaeus
1103 2346 1324 2407 Ribecius,
1338 2351 1469 2411 gnaui
1487 2347 1749 2406 Sacerdotes,
1767 2365 1867 2393 cum
1892 2345 2039 2394 litteris
2060 2352 2232 2413 Regiisez

582 2431 685 2475 quas
703 2413 777 2462 vbi
794 2411 1122 2479 Magistratibus
1138 2411 1392 2469 exhibuere,
1412 2430 1574 2477 magno
1600 2415 1759 2476 accepti
1787 2412 1974 2470 honore,
2001 2414 2222 2463 omnibus-

583 2477 665 2540 que
683 2478 959 2526 humanitatis
988 2477 1139 2525 officiis
1170 2473 1406 2537 cumulati,
1437 2496 1527 2525 non
1557 2477 1696 2524 mod&
1718 2477 1860 2524 sedem
1888 2477 2011 2541 figere
2040 2480 2219 2543 permiffi

582 2542 677 2589 sunt
692 2583 702 2602 ,
720 2544 787 2590 sed
807 2543 966 2592 aedibus
994 2562 1167 2609 quoque
1187 2562 1277 2591 non
1306 2544 1600 2590 incommodis
1628 2543 1790 2590 donati.
1833 2546 1881 2590 In
1901 2547 1958 2590 D.
1979 2544 2232 2611 Walburgis·

582 2606 670 2655 aede
684 2612 844 2671 primus
860 2627 1011 2657 vocem
1031 2607 1179 2656 extulit
1193 2607 1409 2657 Arboreus
1423 2648 1437 2670 ,
1460 2608 1662 2672 tantaque
1679 2608 1914 2656 hominum
1951 2609 2221 2673 approbatio-

583 2687 637 2717 ne
654 2673 818 2720 auditus
832 2674 908 2731 est,
921 2690 967 2721 vt
981 2673 1034 2721 ad
1051 2678 1243 2738 princeps
1262 2677 1319 2721 D.
1336 2676 1520 2722 Martini
1534 2672 1763 2738 templum,
1776 2690 1953 2738 rogante
1970 2675 2060 2738 ipso
2077 2676 2220 2724 Pasto-

584 2752 639 2792 re,
658 2737 780 2783 fuerit
807 2738 1122 2786 transeundum.
1149 2742 1311 2787 Interea
1336 2739 1598 2787 stabiliendae
1610 2743 1823 2799 Societati,
1840 2739 2113 2805 curandisque
2128 2746 2221 2791 vitae

583 2799 777 2848 subsidiis
795 2819 890 2849 ante
906 2801 1009 2849 alios
1027 2805 1209 2850 intentus
1235 2808 1414 2852 Ioannes
1435 2805 1487 2853 de
1514 2804 1674 2853 Gouda
1688 2844 1702 2865 ,
1727 2808 1791 2853 vir
1818 2805 2144 2869 Iurisprudentifi
2165 2807 2222 2856 le-

585 2866 842 2929 gationeque
856 2885 933 2930 pro
950 2870 1056 2931 Rep.
1074 2870 1187 2932 apud
1199 2872 1362 2934 Regem
1374 2871 1495 2919 obita
1512 2870 1665 2931 clarus,
1689 2873 1861 2917 Senatui
1887 2874 2037 2918 austor
2059 2872 2155 2931 fuit,
2176 2889 2220 2921 vt

587 2929 864 2979 Fratrensium
882 2937 980 2996 (qui
995 2936 1081 2979 iam
1097 2933 1150 2980 ad
1173 2952 1309 2982 vnum
1329 2940 1594 2995 interierant)
1621 2935 1915 3000 possessiones,
1936 2955 2036 2983 cum
2058 2937 2221 2986 alterius

587 2994 798 3055 Coenobij
813 2997 980 3043 dudum
994 2996 1139 3045 deserti
1154 3016 1298 3047 annuo
1312 3002 1448 3059 censu,
1467 3002 1582 3050 bona
1609 3000 1827 3048 pontificis
1845 3001 1977 3065 gratia
1987 3041 2001 3062 ,
2014 3002 2221 3051 adornan-

586 3060 649 3106 dis
669 3058 857 3124 Collegij
875 3062 1117 3124 primordiis
1134 3065 1533 3115 transscriberentur.
1566 3067 1647 3114 Sed
1673 3064 1814 3114 breuis
1832 3071 2034 3130 temporis
2047 3068 2221 3116 felicita-

586 3140 673 3172 tem
689 3124 862 3174 abstulit
874 3144 1006 3172 annus
1020 3128 1320 3192 nonagesimus
1335 3149 1521 3195 quartus:
1538 3150 1629 3197 quo
1640 3150 1754 3179 anno
1771 3134 1915 3179 Nonis
1930 3134 2040 3194 Maij
2057 3136 2228 3181 Comes>

586 3191 822 3238 Mauritius
845 3195 1054 3238 Batauicae
1075 3194 1236 3240 militiae
1250 3198 1482 3259 Imperator
1501 3198 1701 3245 admouit
1717 3196 1812 3246 vrbi
1824 3201 1983 3262 copiaS,
1996 3216 2044 3244 ac
2057 3199 2220 3246 diutur-

585 3254 640 3300 na
658 3256 837 3303 fractam
852 3262 1201 3321 oppugnatione,
1228 3257 1326 3306 crim
1354 3260 1408 3308 ab
1430 3262 1604 3310 Ernesto
1628 3266 1822 3326 Principe
1846 3263 2044 3324 promissa
2068 3264 2219 3312 auxilia

586 3320 940 3382 expedirivetaret
952 3326 1090 3369 maior
1102 3322 1337 3371 Brabantiae
1354 3325 1763 3388 necessitas,tande1n
1781 3326 1926 3376 Idibus
1947 3327 2062 3376 Iuliis
2083 3348 2216 3393 aequas

586 3386 760 3447 pactam
780 3387 1064 3450 conditioneS,
1082 3387 1162 3437 nisi
1176 3388 1298 3455 quod
1318 3389 1540 3456 Religioni
1563 3392 1803 3441 Catholicae
1824 3392 1926 3443 vrbe
1940 3394 2221 3442 interdiftum-

2121 3459 2214 3521 fuit,

2272 1585 2276 1618 l

2272 1667 2321 1720 l,

2271 1722 2321 1760 t

2258 3503 2261 3556 l

2256 3559 2260 3687 f
