2321 4013
229 292 391 334 LIBER
420 266 667 334 sizxrvsss'
697 294 970 335 socirTAS
1004 278 1563 342 FLANDRO-BELGICA.
1661 307 1759 353 781

108 372 138 423 ii
155 371 392 420 Catholicis
409 412 423 432 ‚
439 370 523 419 siue
537 371 560 420 a
575 373 654 419 suis
673 372 868 438 quaesitus
883 411 896 434 ‚
912 380 1106 438 apparuit
1126 412 1135 423 .
1172 381 1438 428 Recentiores
1465 385 1540 445 qui
1555 388 1674 431 variis
1692 406 1760 449 per

115 437 310 504 Belgium
329 437 532 484 cathedris
547 437 725 484 floruere
738 478 751 496 ,
766 458 818 485 ne
831 457 981 487 eorum
1010 450 1373 492 commemoratio
1388 447 1600 494 inuidiam
1616 457 1758 498 conci-

111 502 195 562 liet,
208 507 362 550 tacitus
380 512 601 566 praetereo.'
631 507 787 568 Neque
802 504 891 551 haec
905 505 958 551 ad
975 524 1185 570 pompam
1204 508 1422 558 scribimus
1437 549 1451 572 ,
1478 512 1547 559 scd
1572 513 1625 560 ad
1644 515 1758 564 vrili-

112 584 241 616 tatem
261 604 271 614 .
311 566 423 614 Illud
438 568 602 615 constat
620 606 633 626 ,
667 573 880 615 Societatis
904 589 1057 617 vocem
1076 573 1096 618 e
1112 572 1226 619 sacris
1243 575 1382 621 adhuc
1397 575 1568 641 pulpitis
1586 580 1759 639 {gratiffi-

110 651 231 680 mam
244 633 389 680 sonare
403 632 541 697 Belgis
560 633 800 680 Catholicis
816 673 828 694 ,
856 636 1054 697 haereticis
1078 638 1400 687 formidandam
1421 682 1432 701 ,
1449 632 1634 707 Vtrisque
1652 649 1758 692 inte-

110 702 191 745 rim
206 698 479 745 fruistuosam.
526 701 698 745 Dicitur
713 704 755 745 in
773 701 996 746 Prouincist
1008 700 1060 747 ad
1077 702 1289 765 populum
1304 704 1328 752 a
1343 707 1510 767 nostris,
1527 713 1638 755 intra
1655 715 1756 758 anni

110 765 308 828 spatium,
327 763 567 827 quindecies
595 763 745 810 millies
763 763 975 810 ducenties
992 775 1036 812 &
1062 767 1196 814 sexies,

178 827 375 875 Multum
401 832 711 890 concionatorij
747 834 932 876 muneris
947 829 1170 878 Miffiones
1198 831 1382 893 habent,
1407 840 1581 898 quintus
1611 836 1748 887 labor.
1772 854 1917 900 Qum:

108 897 217 951 Non
231 898 348 940 enim
375 892 529 958 quibus
557 894 941 942 circumscribimur
957 895 1193 956 moenibus,
1210 898 1357 945 iisdem
1370 899 1532 947 labores
1554 908 1755 951 termina·—
1771 902 1868 955 [Μὴν

107 977 217 1006 mus.
257 962 305 1006 In
325 962 694 1015 circumiacentem
711 978 876 1024 agrum,
890 979 1021 1025 pagos
1049 970 1092 1009 &
1110 963 1271 1026 oppida
1286 969 1527 1023 excurritur,
1543 970 1586 1012 in
1605 985 1755 1017 exteras
1773 952 1947 994 Mzffioncs.

107 1028 311 1089 regione33
325 1028 369 1071 in
383 1023 563 1072 alterum
574 1044 747 1089 quoque
764 1024 927 1073 orbem.
967 1026 1099 1073 Haud
1115 1027 1239 1075 semel
1254 1029 1355 1075 hinc
1371 1033 1416 1076 in
1432 1031 1584 1091 indias,
1595 1036 1758 1093 Sinam,

109 1093 409 1154 Paraqiiariam
435 1090 566 1137 dueta
576 1090 805 1155 Belgarum
821 1090 1002 1138 colonia.
1022 1096 1150 1139 mitto
1164 1093 1289 1141 istud.
1316 1095 1383 1141 sed
1398 1114 1535 1160 neque
1547 1097 1620 1144 hic
1634 1103 1759 1145 attin*—

106 1173 163 1220 go
176 1173 322 1216 naues,
342 1156 485 1215 castra,
506 1155 985 1219 pesteiii‚Hollaiidiain‚
1005 1156 1056 1203 de
1067 1156 1224 1221 quibus
1243 1158 1363 1206 alterii
1382 1165 1525 1223 capitis
1544 1180 1659 1226 parte
1675 1162 1759 1211 fin*

36 1232 37 1236 ’
106 1219 301 1285 gulatim‚
343 1220 438 1269 Illas
455 1221 527 1268 h'ic
547 1219 768 1268 Missiones
786 1221 1089 1285 dico‚quarum
1107 1227 1149 1269 in
1168 1222 1338 1289 singulis
1358 1225 1561 1290 Collegiis
1577 1228 1636 1275 est
1648 1230 1758 1290 vius,

106 1285 282 1350 quando
299 1305 347 1334 ex
365 1291 412 1333 iis
430 1285 654 1347 nonnulli,
668 1304 896 1351 tamquam
910 1306 957 1333 ex
984 1288 1145 1336 arcibus
1164 1290 1315 1336 milites
1334 1330 1346 1348 ‚
1361 1295 1403 1338 in
1423 1291 1642 1339 Catholici
1662 1294 1758 1341 Bel-

106 1355 163 1416 gij
186 1349 413 1400 locanobis
429 1371 519 1399 non
546 1351 741 1401 habitata
767 1356 996 1400 mittuntur
1018 1393 1029 1412 ,
1063 1354 1291 1418 spiritalem
1317 1356 1483 1420 populis
1513 1376 1643 1421 opem
1674 1360 1759 1423 quz'i

105 1416 277 1481 possunt
291 1416 636 1465 rationelaturi.‘
662 1416 808 1464 Habet
822 1420 938 1464 enim
964 1418 1048 1466 hoc
1075 1418 1188 1466 zelus
1205 1460 1217 1480 ,
1243 1439 1363 1467 more
1380 1426 1487 1485 ignis
1505 1461 1518 1481 ‚
1547 1424 1758 1486 quamdiu

39 1487 41 1490 ⁴
105 1486 279 1530 materia
295 1484 366 1543 est,
385 1487 487 1547 agit,
505 1501 581 1529 nec
598 1481 677 1530 nifi
691 1482 911 1529 deficiente
929 1483 1089 1546 pabulo
1104 1487 1275 1548 quiescit
1289 1522 1299 1531 .
1345 1489 1490 1551 Atque
1516 1504 1562 1535 vt
1580 1487 1757 1538 colonus

105 1546 272 1595 nullam
298 1565 410 1595 terrae
429 1548 554 1596 bonae
571 1546 825 1612 particulam
845 1546 1050 1596 filnescere
1075 1555 1231 1615 patitur
1248 1589 1260 1608 ,
1286 1550 1355 1598 sed
1369 1553 1672 1617 vsquequaque
1686 1574 1759 1602 co-

105 1611 167 1673 lit3
187 1616 245 1660 ita
257 1613 368 1661 nihil
384 1612 518 1678 Belgij
538 1612 621 1660 siue
637 1617 680 1660 in
695 1612 890 1672 vrbibus,
907 1611 990 1660 siue
1007 1618 1052 1661 in
1078 1615 1322 1678 agris,vnde
1334 1615 1478 1680 aliqua
1492 1616 1630 1664 salutis
1648 1619 1762 1683 seges

104 1679 252 1743 sperari
267 1679 419 1744 potest,
436 1678 649 1726 incultum
666 1677 834 1741 reliquit
851 1683 1046 1726 Societas.
1088 1681 1222 1745 Qid
1239 1679 1310 1727 illa
1322 1680 1524 1728 Flandriae
1541 1682 1757 1731 Occiden-

104 1743 196 1791 talis
213 1755 315 1791 ora?
336 1743 526 1792 siluestris
543 1742 668 1802 olim,
684 1760 725 1789 at
743 1761 858 1790 nunc
877 1747 1049 1790 Patrum
1061 1747 1308 1792 nostrorum
1322 1744 1495 1792 subacta
1521 1743 1760 1809 laboribus,

107 1809 383 1858 &sudoribus
402 1813 594 1874 irrigata,
613 1808 851 1873 quamdam
866 1807 991 1855 nobis
1010 1806 1188 1873 paradisi
1212 1810 1392 1874 speciem
1421 1812 1687 1873 repraesentat.
1708 1817 1759 1861 In

107 1873 303 1939 Bergenfi
316 1875 480 1923 ditione
497 1915 510 1936 ‚
537 1871 742 1934 ueneficia
756 1892 849 1938 quae
869 1873 1019 1937 passim
1047 1874 1311 1921 inualuerant
1324 1916 1338 1936 ‚
1365 1874 1613 1940 profligata.
1654 1882 1764 1925 Bur-

107 1937 312 2004 burgum,
330 1945 490 1999 Furnae,
508 1935 848 2000 Hondiscotum‚
864 1943 1008 1986 vicina
1019 1940 1197 2004 oppida,
1213 1940 1357 1986 adiuta
1371 1975 1380 1985 .
1430 1944 1482 1987 Et
1496 1941 1758 1991 Hondiscoti

48 2002 49 2006 ¹
108 2006 286 2070 quidem
311 2006 506 2053 aduersus
532 2002 721 2052 haeresim
741 2003 815 2051 diu
847 2004 1127 2064 dimicatum3
1156 2004 1223 2052 sed
1240 2003 1442 2070 insignius
1459 2010 1758 2071 numquamse

106 2070 310 2137 suamque
323 2089 497 2136 operam
523 2074 703 2117 Societas
719 2069 943 2134 probauit,
962 2069 1096 2134 quam
1114 2088 1227 2117 anno
1257 2088 1309 2117 M.
1331 2087 1414 2118 DC.
1430 2085 1661 2118 xxxvln.
1690 2088 1759 2136 pei:

106 2135 264 2184 sacrum
284 2133 643 2202 Qadragefimae
661 2152 827 2199 tempus
847 2175 858 2195 ‚
872 2154 961 2199 quo
979 2135 1216 2183 Sacerdotes
1243 2133 1352 2195 bini,
1372 2152 1515 2199 praeter
1539 2133 1759 2200 quotidiaf.

107 2219 179 2249 nas
194 2206 421 2249 conciones
437 2211 479 2249 δε
499 2200 787 2260 catechismos,
807 2199 995 2247 indidere
1011 2200 1159 2248 incolis
1185 2218 1323 2248 nouos
1343 2199 1530 2247 colendae
1546 2203 1759 2249 Dominiss

52 2286 54 2290 ’
109 2281 164 2313 cae
183 2266 380 2331 passionis
399 2266 611 2323 stimulos,
628 2263 834 2329 dispositis
853 2265 967 2313 varia
984 2266 1164 2313 statione
1176 2265 1384 2329 mysteriis
1397 2303 1409 2324 ,
1426 2265 1567 2312 addita
1581 2265 1759 2315 celeber-

109 2333 217 2379 rima
234 2331 552 2397 Supplicatione
578 2332 775 2396 mysteria
789 2330 873 2394 ipsa
902 2330 954 2378 ad
985 2335 1138 2379 viuum
1157 2329 1379 2378 exhibente
1396 2367 1405 2377 .
1443 2331 1759 2395 frequentantur

107 2415 221 2444 nunc
240 2397 436 2446 stationes
464 2396 544 2445 illae
563 2397 637 2443 diu
664 2395 886 2461 nonstuque
906 2436 916 2455 ,
939 2394 1135 2443 inusitata
1150 2405 1192 2444 &
1223 2395 1330 2443 nulli
1355 2398 1500 2443 senum
1520 2398 1760 2445 memorata

55 2496 57 2501 -
110 2466 272 2527 pietate.
316 2467 385 2509 De
399 2460 597 2511 Furnenfi
623 2479 726 2526 agro
739 2461 845 2526 quid
858 2461 949 2508 satis
965 2461 1105 2509 dicam
1124 2472 1135 2506 ?
1153 2466 1195 2508 in
1211 2480 1260 2508 eo
1275 2479 1404 2525 pagus
1418 2461 1476 2509 est
1490 2461 1760 2510 D.Cornelio

108 2528 240 2588 sacer,
259 2527 333 2576 vbi
350 2548 439 2576 vno
453 2546 643 2591 tempore
660 2527 854 2575 Sacerdos
873 2531 1021 2574 vnicus
1047 2527 1185 2574 noster
1208 2524 1324 2573 mille
1341 2526 1521 2590 amplius
1539 2531 1675 2590 capita
1691 2546 1759 2575 ex-

111 2598 258 2656 piauit,
278 2602 320 2641 Se
337 2593 447 2642 sacro
464 2592 592 2658 epulo
609 2593 761 2639 refecit.
782 2595 831 2639 In
849 2591 975 2638 altero
992 2596 1068 2656 qui
1082 2595 1423 2639 D.Vincentium
1442 2592 1621 2650 colit‚fre
1654 2611 1759 2639 uen-

111 2658 166 2705 tia
190 2658 425 2706 hominum
443 2674 638 2724 cogente,
656 2657 709 2704 ad
726 2662 891 2704 tertiam
910 2657 1038 2722 Vsque
1059 2656 1400 2721 pomeridianam
1412 2675 1502 2704 non
1529 2658 1638 2704 seme
1677 2658 1760 2705 fuit

113 2722 406 2772 distribuenda
420 2728 703 2771 communio.
737 2724 797 2769 At
826 2721 1071 2769 Cassetanus
1100 2740 1196 2787 ager
1213 2722 1329 2786 spem
1352 2721 1487 2786 ipsam
1504 2720 1759 2771 colonorum

114 2787 247 2836 vincit
261 2788 447 2838 vbertate
464 2790 546 2836 sii-31.
573 2792 728 2852 quouis
759 2791 801 2835 in
819 2806 930 2852 pago
942 2783 1270 2852 quotmensibus
1302 2791 1631 2834 communicant
1646 2787 1760 2834 mul-

115 2857 161 2915 ti,
179 2853 276 2901 cum
291 2873 422 2902 nemo
438 2873 513 2901 nec
526 2854 637 2901 festis
657 2853 963 2900 solennioribus
981 2852 1147 2900 soleret.
1189 2856 1239 2899 In
1253 2851 1435 2899 familias
1449 2850 1612 2900 nobiles
1632 2893 1644 2912 ,
1656 2871 1759 2917 qua-

117 2936 209 2967 rum
225 2920 316 2967 istic
343 2938 438 2968 toto
461 2938 563 2984 agro
585 2919 817 2982 frequentia
829 2918 887 2965 est
900 2958 913 2978 ,
934 2922 1025 2982 pius
1056 2936 1150 2965 mos
1171 2917 1439 2965 introdudtus
1469 2917 1759 2965 conuocandae

115 3002 211 3046 ante
236 2985 431 3033 cubitum
449 2983 624 3032 familiae
651 2983 704 3030 ad
722 2986 970 3030 Lauretanas
1000 2982 1289 3048 omniumque
1304 2986 1560 3030 Sanstorui'n
1577 2986 1757 3029 Litanias

115 3049 198 3098 vna
215 3051 457 3098 recitandas.
507 3052 623 3114 Ager
637 3048 737 3097 vero
752 3047 1007 3096 Belliolanus
1025 3066 1072 3096 vt
1100 3052 1222 3112 pratis
1243 3058 1286 3096 &
1319 3047 1476 3113 pascuis
1489 3088 1501 3108 ‚
1537 3053 1595 3094 ita
1611 3051 1758 3093 errori-

110 3111 193 3165 'bus
207 3114 441 3179 aliquando
453 3125 496 3164 &
510 3119 646 3180 prauis
660 3113 852 3161 moribus
868 3113 1110 3178 percelebris
1129 3115 1209 3161 fuit
1231 3148 1239 3156 .
1277 3111 1575 3164 iconoclastae(
1594 3114 1667 3174 qui
1687 3110 1758 3156 de-

2 3175 14 3225 iss
68 3213 70 3235 :
118 3179 214 3231 inde
224 3198 293 3244 per
307 3197 449 3228 totum
464 3180 665 3246 Belgium
681 3178 798 3226 foede
825 3179 986 3237 grass'ati
1001 3179 1125 3238 sunt)
1150 3184 1193 3226 in
1210 3183 1355 3226 vicino
1374 3174 1581 3224 cunabula
1599 3177 1667 3220 iiia
1681 3174 1756 3221 ha-

121 3242 311 3295 buerunt.
321 3246 550 3310 processere
563 3250 692 3293 etiam
705 3244 805 3291 inde
814 3232 989 3307 plurimi
1000 3248 1105 3292 noui
1119 3249 1236 3292 Euan
1241 3243 1336 3308 gelij
1358 3249 1633 3307 praecones-,ex
1645 3258 1757 3287 vno-

119 3307 198 3374 q'ue
213 3329 324 3375 pago
339 3309 583 3359 Belliolanae
606 3310 761 3367 ditioni
777 3311 968 3359 subiecsto
993 3309 1172 3374 amplius
1204 3326 1405 3355 trecentos
1436 3304 1632 3369 prodiisse
1655 3303 1757 3367 ipsi-

0 3385 17 3427 ':
72 3412 74 3417 ν
122 3374 449 3440 metgloriantut
463 3375 665 3424 haeretici.
706 3378 756 3422 In
770 3375 1108 3441 hunc-campum
1125 3374 1269 3421 nostra
1284 3374 1360 3420 fisse
1386 3368 1755 3435 explicauitindu-

1096 3443 1122 3486 F
1138 3438 1246 3485 ffff
1274 3458 1289 3497 ς
1648 3434 1759 3494 stria,
