2321 4013
264 248 424 290 LIBER
454 248 674 289 SEXTVS.
732 248 1005 290 SOCIETAS
1040 250 1601 295 FLANDRO-BELGICA.
1692 254 1788 308 851

137 326 189 382 ti,
216 326 382 390 coepere
395 344 516 373 nouo
541 325 740 390 exemplo
762 326 897 375 multa
913 327 1161 376 distribuere
1177 334 1221 376 in
1236 335 1364 392 ciues,
1379 331 1517 380 multa
1531 351 1600 395 per
1613 339 1704 382 vim
1718 338 1793 385 ab—

138 388 222 437 lata
252 391 459 451 reddere,
487 394 602 440 tanta
629 393 904 454 Magistratus
932 394 1215 442 admiratione
1247 397 1717 463 comprobationeque,
1746 421 1791 452 vt

139 459 413 517 Societatem,
429 459 606 506 cuiustid
624 457 751 523 opera
772 457 918 517 fiebat,
938 459 1101 507 laudari
1124 460 1296 525 publice
1310 481 1389 528 pro
1405 468 1618 511 concione
1642 468 1787 515 volue-

137 537 190 567 nt
202 540 249 568 ac
261 539 394 585 grates
413 539 494 586 agi.

142 625 146 628 .
204 587 336 634 Haud
355 591 414 633 ita
438 587 579 635 multo
605 585 702 651 post
726 585 840 636 aliud
858 592 1082 653 geminum
1098 593 1284 638 auaritiae
1302 591 1381 639 suae
1404 591 1721 644 documentum
1745 601 1791 647 in

137 649 289 699 elidem
302 651 405 699 vrbe
419 656 599 701 Societas
616 652 756 700 dedit:
790 673 891 701 nam
915 672 1030 701 anno
1049 671 1099 700 M.
1119 672 1165 702 Ι).
1183 673 1359 705 Lxxvr.
1391 657 1510 706 rebus
1526 665 1790 727 intempestia

136 717 190 764 uli
204 717 453 782 Requesenij
475 735 613 766 morte
627 719 805 766 turbatis
822 758 834 778 ,
858 720 967 766 dum
988 718 1186 782 Hispano
1211 721 1340 768 militi
1361 724 1593 786 periculum
1617 746 1789 790 creatur,

137 781 240 845 ipse,
262 782 481 846 desperato
498 784 694 848 quodam
723 785 879 844 furore,
909 785 1233 848 impendentem
1256 785 1334 834 fibi
1351 787 1515 838 cladem
1542 791 1657 839 ciuili
1674 794 1792 843 clade

133 853 356 912 praeuertit.
386 849 486 897 Post
498 848 726 914 expilatam
741 849 889 906 vrbem
896 889 908 909 ,
922 867 994 913 par
1013 848 1219 909 militum,
1239 850 1500 915 deprehenso
1512 860 1705 918 crimine,
1719 864 1792 907 Iu-

134 913 217 964 dex
235 911 471 962 damnabat
495 919 662 975 mortis,
677 916 789 961 fast}
804 913 914 979 prius
933 914 1113 962 testandi
1130 916 1350 979 potestate.
1370 919 1616 967 Testaturis
1644 924 1790 972 suade-

135 969 242 1026 bant
259 979 420 1040 nostri,
443 998 490 1028 vt
507 998 599 1045 quae
617 986 662 1028 in
676 979 790 1029 vrbis
808 980 1122 1044 depraedatione
1146 998 1397 1044 rapuerant,
1419 985 1574 1032 restitui
1597 987 1788 1037 dominis

133 1044 341 1092 iuberent.
362 1050 413 1094 Et
431 1045 548 1093 alteri
564 1064 710 1093 eorum
729 1045 844 1093 haud
863 1045 1087 1093 difficulter
1103 1046 1342 1110 persuasum
1360 1067 1369 1093 :
1400 1047 1500 1096 alter
1515 1052 1569 1097 ad
1587 1051 1678 1098 haec
1694 1074 1790 1102 mo-

132 1115 224 1157 nita
243 1109 417 1171 surdus,
448 1111 626 1159 condito
647 1111 929 1168 testamentO,
953 1115 1069 1160 varia
1085 1115 1208 1159 variis
1226 1114 1502 1162 Monasteriis
1529 1115 1724 1180 legabat,
1745 1129 1790 1168 δε

132 1174 335 1223 Societati
354 1182 482 1224 etiam
499 1178 652 1225 nostrae
676 1195 819 1224 aureos
838 1194 1056 1224 trecentos.
1088 1177 1137 1223 Id
1154 1178 1228 1225 vbi
1256 1179 1470 1240 rescitum,
1487 1185 1698 1232 continuo
1712 1186 1791 1234 Pa-·

132 1257 248 1290 trum
267 1241 421 1305 aliquis
448 1247 490 1289 in
509 1260 712 1289 carcerem
746 1242 944 1305 ingressus
963 1283 976 1302 ,
1003 1241 1225 1306 postulatis·
1252 1245 1492 1293 testamenti
1521 1246 1703 1310 tabulis,
1724 1256 1791 1299 in-

133 1306 351 1370 spectante
373 1307 465 1370 ipso
483 1310 682 1356 testatore
697 1347 709 1367 ,
738 1324 802 1354 eas
819 1308 944 1354 lineas
969 1327 1064 1373 qua:
1080 1308 1133 1357 ad
1158 1327 1235 1355 nos
1254 1310 1521 1374 pertinebant
1548 1331 1789 1366 atramento

131 1371 322 1432 induxit,
337 1390 496 1436 negans
515 1378 767 1421 Societatem
795 1372 945 1420 donari
972 1372 1079 1421 velle
1104 1373 1215 1420 male
1234 1380 1361 1438 partis
1379 1375 1551 1441 opibus:
1572 1399 1675 1444 quas
1692 1383 1788 1431 sane

132 1440 180 1483 iis
200 1437 406 1498 redderet,
424 1437 452 1485 fi
472 1438 715 1486 consultum
739 1438 917 1503 quidem
936 1437 1056 1486 saluti
1070 1439 1198 1487 vellet
1211 1441 1511 1506 suae,2iquibus
1529 1447 1683 1494 iniuste
1696 1448 1790 1497 abs„

131 1501 297 1550 tuliffet.
329 1504 480 1551 Libere
504 1505 672 1551 dietum
687 1543 700 1563 ,
720 1504 875 1567 magnii
901 1509 1105 1552 omnium
1131 1504 1441 1569 approbatione
1465 1527 1687 1572 acceptum
1712 1516 1785 1562 esti

130 1569 230 1615 Nec
245 1585 390 1616 tamen
408 1569 542 1623 defuit
568 1575 637 1624 (vt
657 1569 749 1633 plus
770 1588 896 1634 aequo
916 1588 1076 1633 pronos
1094 1570 1234 1618 videas
1262 1572 1460 1620 homines
1474 1613 1487 1632 ,
1511 1575 1611 1624 alias
1633 1578 1786 1639 bonos,

128 1637 176 1680 in
192 1632 393 1682 habenda
410 1634 636 1683 calumniis
653 1652 803 1682 contra
821 1653 898 1682 nos
918 1633 1018 1695 fide,
1035 1633 1122 1682 fiue
1136 1634 1180 1682 id
1193 1636 1330 1684 fatum
1350 1638 1575 1702 quoddam
1592 1643 1789 1694 nostrum

128 1699 206 1759 est,
223 1697 308 1747 fiue
325 1701 508 1748 aliorum
524 1718 614 1748 non
629 1700 744 1748 bona
760 1699 980 1747 aemulatio
996 1710 1006 1758 )
1024 1719 1130 1760 non,
1158 1705 1357 1765 inquam,
1375 1703 1525 1764 defuit,
1546 1711 1639 1770 qui,
1655 1726 1695 1754 re
1712 1711 1791 1758 ali-

129 1780 194 1811 ter
210 1766 353 1813 audit-3
372 1765 614 1828 creditssque
626 1805 639 1825 ,
657 1763 777 1829 quasi
801 1783 892 1812 non
910 1766 1107 1812 nostrum
1124 1798 1138 1824 5
1159 1765 1226 1812 sed
1244 1767 1410 1814 alterius
1427 1770 1638 1834 Religiofi
1655 1777 1790 1822 Ordi.b

128 1831 192 1877 nis
220 1829 413 1895 legatum
439 1830 463 1879 23.
488 1830 637 1877 nostro
664 1829 889 1878 Sacerdote
916 1829 1051 1878 fuisset
1078 1833 1370 1894 expuunstum‚
1403 1851 1504 1881 cum
1534 1837 1790 1900 grauiffimo

128 1895 403 1947 Catliedralis
429 1890 620 1944 Ecclefiae
648 1899 741 1945 vito
768 1899 1007 1961 iniquitatis
1039 1895 1194 1942 nostrae
1227 1896 1375 1945 futuro
1402 1898 1504 1946 teste
1536 1908 1716 1964 perrexit
1740 1910 1788 1954 in

129 1979 338 2009 carcerem
351 1963 367 2022 ,‘
387 1963 670 2026 inspetstisque
695 1959 852 2009 tabulis
868 2001 881 2021 ,
913 1965 1061 2009 erroris
1080 1962 1313 2025 turpissimi
1338 1967 1564 2012 conuictus
1577 2005 1591 2026 ,
1610 1983 1788 2019 temera-

127 2033 244 2084 riam
257 2028 553 2075 credulitatem
580 2026 699 2074 suam
717 2045 822 2074 voce
841 2034 884 2072 ὃς
902 2030 1039 2091 magis
1065 2030 1193 2073 etiam
1213 2025 1367 2074 rubore
1383 2027 1622 2079 damnauit.

194 2085 400 2141 Ceterum
418 2093 583 2140 diuitice
599 2093 773 2151 nostrae,
788 2091 817 2138 si
835 2095 929 2155 quis
948 2092 1045 2139 scire
1063 2108 1177 2152 auct,
1199 2091 1264 2138 hae
1280 2091 1386 2140 sunte
1431 2095 1611 2144 Profeffa
1628 2097 1785 2148 domus

127 2158 380 2221 Antuerpiae
409 2162 532 2204 meris
559 2162 666 2206 viuit
690 2154 984 2220 eleemosynis.
1036 2156 1236 2221 Collegia
1265 2175 1396 2205 certos
1427 2159 1580 2208 habere
1613 2163 1785 2226 possunt

127 2221 332 2282 redditus,
352 2227 429 2288 qui
445 2241 557 2287 panes
577 2222 606 2270 fi
624 2224 784 2269 fuerint
799 2222 958 2269 alendis
979 2221 1189 2286 capitibus
1209 2241 1285 2286 pro
1302 2226 1504 2289 cuiusque
1521 2225 1604 2276 loci
1620 2233 1783 2277 ratione

126 2289 362 2338 necessariis
375 2328 389 2349 ,
405 2287 542 2337 nullas
561 2289 753 2353 praeterea
769 2287 1056 2352 eleemosynas
1076 2289 1298 2335 admittere
1323 2290 1382 2336 fas
1401 2291 1474 2338 est.
1513 2295 1575 2339 At
1597 2297 1639 2340 in
1655 2300 1782 2344 omni

125 2354 271 2402 nostr-91
296 2354 525 2402 Prouinciz‘i
541 2358 729 2400 omnino
760 2352 926 2400 nullum
956 2354 1063 2401 adeo
1090 2353 1287 2401 dotatum
1307 2355 1394 2415 est,
1421 2374 1467 2404 vt
1492 2357 1649 2423 absque
1671 2361 1782 2408 ele'e'-

127 2419 406 2485 mosynarum
427 2417 615 2468 subfidio
629 2418 766 2483 parsit
783 2438 963 2466 numero
983 2419 1252 2466 alendorum.
1270 2419 1472 2486 Pleraque
1494 2427 1621 2471 etiam
1644 2431 1782 2485 graui-

127 2501 190 2532 ter
205 2486 388 2534 obaerata
406 2484 484 2533 sub
506 2502 633 2532 onere
650 2488 905 2548 paupertatis
932 2501 1125 2550 gemunt.
1156 2488 1206 2532 Et
1221 2502 1364 2533 tamen
1381 2488 1462 2534 fuit
1478 2479 1781 2540 famosilibelli
1806 2515 1989 2554 affigam

125 2551 407 2611 architectus,
436 2555 511 2616 qui
540 2553 691 2615 viginti
719 2555 912 2614 quinque
942 2550 1407 2599 Praemonstratenfium
1446 2555 1710 2605 Monastcria
1736 2563 1780 2606 in
1802 2553 1978 2620 ffssssffssnffi'

126 2613 401 2682 Belgio,cum
417 2620 588 2679 triginta
618 2614 809 2662 millibus
827 2614 1033 2664 librarum
1051 2614 1469 2680 pensionisannuaess
1481 2620 1638 2668 Iesuitis
1654 2640 1782 2672 occu·
1803 2631 1946 2671 Ar>0103i22

124 2686 216 2746 pari
232 2679 415 2745 scripsit,
432 2699 521 2729 tam
546 2679 782 2728 confidenti
799 2681 1114 2740 all‘euetatione,
1137 2681 1256 2746 quali
1274 2681 1446 2747 Sibyllae
1464 2684 1621 2734 folium
1640 2695 1785 2739 recita-

127 2764 208 2796 ret.
247 2747 478 2795 Habitatio
499 2763 641 2793 autem
662 2743 872 2810 plerisque
895 2748 1035 2794 adhuc
1060 2747 1236 2796 vrbibus
1253 2749 1434 2813 angusta
1456 2750 1517 2798 est
1535 2753 1783 2822 miseraque,

124 2817 199 2860 vix
225 2830 273 2860 vt
297 2810 499 2860 cubicula
517 2811 748 2871 sufficiant,
766 2829 855 2858 non
885 2813 982 2859 dico
1002 2814 1241 2861 commoda
1256 2854 1268 2874 ,
1296 2814 1365 2861 sed
1387 2834 1484 2880 quae
1499 2816 1523 2864 a
1551 2836 1783 2870 ventorum

61 2892 64 2898 '
123 2877 422 2943 imbriumque
450 2877 602 2924 inimi-51
621 2894 825 2925 tueantur.
870 2880 919 2924 In
936 2877 1140 2926 cubiculis
1162 2878 1264 2925 vero
1286 2879 1384 2944 ipsis
1395 2899 1648 2932 ornamenta
1665 2886 1782 2936 nulla

124 2961 201 2991 aut
217 2943 424 3008 supellex,
454 2959 602 3007 praeter
626 2940 843 2989 culcitram
861 2981 873 3001 ,
899 2943 1057 3003 sedem,
1084 2945 1524 3005 mensam‚neceffaria
1537 2948 1781 3000 studiorum

124 3010 426 3059 instrumenta.
472 3011 567 3055 Iam
581 3011 719 3056 vietus
733 3007 994 3075 vestitusque
1010 3010 1115 3073 quid
1131 3009 1257 3058 babet
1272 3029 1361 3058 non
1384 3011 1570 3078 dignum
1587 3015 1780 3080 Religio-

123 3075 170 3123 εὲὶ
186 3084 459 3138 paupertate?
493 3075 793 3138 quotidianam
817 3075 971 3121 mentae
995 3074 1281 3136 frugalitatem
1298 3081 1521 3137 mirantur,
1540 3085 1614 3144 qui
1631 3081 1780 3141 sciunt,

123 3144 202 3205 qui
223 3140 429 3200 nesciunt,
447 3148 489 3187 δε
508 3140 644 3187 lautos
663 3157 741 3186 nos
759 3155 911 3202 putant
926 3179 937 3198 ,
963 3139 1080 3206 haud
1095 3141 1196 3200 diu,
1225 3146 1399 3203 opinor,
1416 3141 1631 3192 lautitiam
1653 3146 1782 3195 istam

124 3208 275 3265 ferant,
303 3202 334 3255 fi
356 3203 405 3253 sit
417 3209 586 3252 animus
601 3208 792 3268 experiri.
834 3205 972 3253 Vestis
989 3210 1113 3255 vnica
1127 3204 1326 3271 lingulis,
1353 3218 1396 3256 ὃς
1413 3209 1620 3257 modesta.-
1652 3211 1781 3274 Qd

124 3276 259 3336 igitur
277 3268 552 3334 opulentum,
572 3270 675 3334 quid
694 3271 1032 3318 immoderatum
1050 3275 1093 3318 in
1112 3272 1299 3320 Iesuitis?
1324 3291 1396 3320 aut
1420 3278 1462 3320 in
1483 3291 1572 3337 quo
1594 3272 1679 3321 fitae
1699 3277 1781 3325 illae

62 3384 65 3385 a
125 3338 314 3393 diuitiae,
344 3353 449 3401 quas
474 3335 658 3396 dicimur
684 3334 918 3403 possidere?
944 3336 1104 3390 Verum
1117 3376 1131 3397 ‚
1154 3353 1200 3385 vt
1214 3338 1326 3398 dixi,
1348 3356 1438 3385 non
1464 3339 1526 3387 est
1548 3339 1783 3391 consilium

972 3406 1190 3467 Ppppp
1220 3421 1243 3446 ²-
1647 3424 1786 3471 partes
