2326 4080
207 298 757 341 PROLEGOMENA
798 295 881 339 DE
920 297 1129 339 ANNO
1172 298 1554 342 SAECVLARI.
1663 305 1724 350 23

157 373 398 420 Postremus
414 390 472 418 res
491 370 623 436 gestas
652 376 694 418 in
715 369 1045 434 Belgica‘inostra
1069 368 1400 432 compleffikitur:
1430 390 1523 434 quae
1549 371 1728 435 quidem
1755 379 1852 433 Libri
1856 379 1936 425 sex-

94 452 142 487 'Vt
156 454 356 484 terrarum
373 455 464 484 non
489 436 598 483 adeo
615 455 773 501 magna
791 438 933 499 portio
950 431 1015 494 fit,
1034 452 1122 480 non
1141 437 1373 481 minimam
1389 452 1531 482 tamen
1547 440 1731 483 Societa-
1754 439 1793 462 ²¹·

94 507 145 550 tis
161 505 349 550 continet
375 501 561 548 laudem.
592 505 728 548 Paruo
755 500 886 563 spatio
904 504 1033 545 virtus
1055 503 1220 563 egregia
1245 517 1455 562 magnum
1482 502 1543 547 sui
1570 500 1731 563 specta·

93 566 237 615 culum
253 565 424 630 praebet.
448 569 498 612 In
519 569 701 614 Pontico
726 570 838 612 freto
861 563 1096 611 debellatus
1116 564 1175 611 est
1194 567 1368 611 Xerxes.
1392 582 1469 611 nec
1495 564 1731 614 Alexandri

123 630 237 678 loriae
255 634 475 677 montium
489 631 625 677 fauces
643 629 832 678 obfuere.
851 648 928 693 pro
940 629 1071 676 Italiae
1085 629 1246 693 angulo
1264 646 1335 692 per
1353 629 1444 692 duo
1463 628 1607 677 saecula
1619 630 1730 677 Vrbs

93 649 238 743 {orna
253 694 414 743 laetata
430 695 502 743 est.
531 699 582 742 Et
600 694 703 743 vero
726 693 1001 742 celeberrima
1024 698 1136 758 pacis
1161 693 1308 755 studiis
1325 734 1336 754 ‚
1354 696 1498 741 Marte
1529 693 1733 743 celebrior

95 760 282 825 Belgica,
307 779 397 807 non
410 759 503 807 suos
520 759 656 808 modo
674 759 837 824 Belgas,
858 759 927 806 sed
940 761 1154 823 Europam
1174 759 1293 823 paene
1307 776 1443 806 totam
1465 767 1487 820 ζ
1492 757 1598 807 absit
1619 763 1734 807 inui-

47 832 50 834 ’
94 825 165 872 dia
181 823 334 884 verbo)
365 830 451 873 iam
479 825 670 873 hominis
697 842 861 872 aetatem
885 833 928 872 &
955 825 1155 888 amplius,
1177 824 1363 870 necdum
1393 826 1507 871 tanta
1534 829 1733 872 varietate.

92 887 574 938 nationumideformata
588 932 601 952 ,
622 887 937 955 complectitur.
958 893 1009 935 In
1029 891 1113 936 hoc
1131 889 1298 936 Martio
1329 907 1487 953 campo
1501 930 1514 949 ,
1532 906 1626 936 eote
1649 896 1735 937 vira

94 959 208 1014 tutis,
225 955 467 1003 fortitudini
481 956 633 1004 nostrae
647 960 785 1021 patuit
808 973 913 1002 area.
931 954 1002 1001 hic
1020 959 1201 1002 Societas
1222 959 1293 1002 vix
1308 955 1442 1001 natae
1465 954 1646 1018 vestigio
1670 960 1734 1003 in-

94 1024 249 1077 notuit,
272 1038 375 1069 mox
391 1019 593 1081 adoleuit,
614 1022 840 1069 dimicauit
857 1019 1048 1085 egregie,
1067 1020 1245 1068 vulnera
1267 1024 1425 1083 accepit
1441 1059 1454 1079 ,
1485 1020 1735 1084 sanguinem

95 1083 236 1133 misit:
254 1093 298 1133 &
316 1086 436 1149 quod
454 1089 637 1134 Societas
652 1085 845 1134 vniuersa
861 1083 1041 1150 praebere
1057 1083 1198 1149 poffit,
1219 1085 1261 1131 id
1277 1086 1394 1149 paene
1413 1103 1546 1132 omne
1565 1085 1737 1150 Belgica

94 1168 180 1199 vna
197 1154 353 1216 exiguis
370 1155 562 1198 terminis
580 1153 661 1200 suis
676 1151 842 1201 videtur
857 1150 935 1198 effe
955 1150 1190 1216 complexa.
1211 1149 1293 1198 Hae
1307 1151 1401 1198 sunt
1416 1149 1599 1198 instituti
1618 1156 1737 1216 Ope-

96 1219 150 1263 ris
166 1220 384 1279 praecipuae
397 1232 544 1280 partes.

165 1284 257 1327 Iam
285 1280 415 1340 vero,
433 1298 478 1329 vt
495 1279 687 1328 Saeculari
715 1298 832 1328 anno
861 1281 1005 1329 laetum
1037 1297 1240 1327 canamus
1270 1279 1540 1345 faustumque
1570 1284 1734 1342 Paeana,
1760 1297 1917 1330 Ncmfda

29 1381 32 1384 -
98 1361 236 1409 neque
254 1345 398 1392 sterilis
413 1345 573 1409 placuit
590 1363 728 1408 neque
741 1347 858 1393 nuda
877 1349 1075 1402 narrati03
1089 1346 1266 1408 quando
1283 1363 1360 1391 nec
1384 1344 1591 1392 ludorum
1619 1349 1734 1410 apud
1750 1347 1792 1389 fit
1809 1358 1923 1377 'mm-

99 1410 323 1458 Romanos
347 1415 572 1458 amoenitas
591 1408 747 1473 absque
775 1410 1001 1458 missilibus
1024 1411 1105 1457 fuit
1123 1407 1325 1456 exhibita.
1353 1410 1476 1473 Qd
1492 1414 1633 1459 enim?
1661 1417 1736 1476 qui
1760 1392 1944 1473 ἓΐζῖῗῇῗῖῖ

99 1475 286 1523 historiae
302 1475 530 1524 scribendae
544 1474 821 1536 incumbunt,
841 1473 872 1522 si
885 1479 1202 1539 Imperatorum
1217 1475 1683 1534 hortationes,8xenatut1
1692 1497 1737 1525 m
1761 1500 1814 1529 na,

99 1540 290 1588 consulta
305 1581 317 1601 ‚
336 1541 528 1588 militum
547 1540 714 1605 plausus
729 1542 875 1588 referre
892 1540 1198 1588 consueuerunt
1212 1579 1225 1599 ,
1250 1557 1339 1586 non
1369 1540 1489 1603 quod
1513 1559 1572 1588 res
1601 1560 1656 1588 eae
1683 1540 1741 1590 fic

101 1606 224 1670 gestae
240 1604 349 1667 fint,
371 1606 519 1656 verum
545 1623 592 1656 vt
609 1606 681 1653 sua
706 1605 756 1654 sit
773 1609 944 1654 Lectori
959 1606 1180 1669 voluptas;
1204 1603 1236 1652 fi
1253 1604 1507 1668 Thucydidi
1531 1604 1652 1653 licuit
1675 1611 1742 1654 in-

103 1670 275 1718 terdum
292 1671 438 1719 breuia
455 1675 648 1719 carmina
672 1671 921 1730 admiscere;
946 1670 1070 1719 nobis
1091 1675 1135 1717 in
1154 1668 1509 1734 gratulationibus
1534 1669 1741 1721 vsitatum

102 1753 286 1795 morem,
303 1741 347 1784 in
364 1736 617 1786 hominibus
633 1737 752 1803 vulgi
768 1741 990 1801 ingenium
1006 1734 1310 1801 spenstaiitibt18‚
1324 1740 1394 1783 cui
1415 1740 1621 1784 omnium
1631 1756 1743 1786 mox

104 1818 243 1857 rerum
258 1803 414 1851 satietas
431 1799 496 1863 fit,
511 1819 559 1851 vt
572 1807 713 1867 inquit
727 1801 1106 1866 Isocrates,quanto
1120 1805 1280 1866 aequius
1299 1800 1744 1863 visum‚emblemata,

45 1881 47 1883 '
64 1924 68 1925 ⁷
103 1865 541 1928 carmina,orationes,
558 1868 674 1916 velut
689 1867 861 1916 miffilia
873 1867 1071 1932 quaedam
1093 1867 1346 1928 interserere,
1366 1875 1408 1914 &
1434 1863 1553 1931 quasi
1576 1868 1627 1916 de
1644 1867 1743 1916 rosis

104 1931 276 1993 sertum,
288 1934 430 1993 violis,
448 1932 647 1992 narcissiS‚
666 1933 1092 1998 liyacinthilque‚ceu
1119 1932 1361 1981 minoribus
1380 1931 1573 1992 floribus,
1590 1938 1748 1982 intexe-

105 2007 174 2044 re?
189 2002 239 2046 Et
257 1999 358 2047 vero
374 1999 404 2063 *a
421 1998 576 2065 quibus
595 1999 674 2046 ista
690 1998 828 2064 potius
844 2038 856 2059 ,
873 1997 1008 2063 quam
1027 2003 1104 2064 qui
1123 1997 1378 2062 profitentur
1394 1998 1547 2046 litteras
1572 2018 1666 2064 quae
1691 1997 1747 2049 ab

106 2065 392 2112 Humanitate
407 2082 569 2111 nomen
590 2068 803 2125 inuenere,
818 2065 1045 2128 exspeC’tes?

161 2132 269 2190 *Nec
287 2130 339 2176 de
360 2126 631 2195 poematibus
648 2134 739 2190 erit>
752 2131 895 2190 credo,
910 2134 985 2194 qui
1002 2129 1224 2176 dissentiat.
1242 2129 1294 2176 de
1309 2125 1578 2177 orationibus
1604 2129 1745 2178 forsan
1767 2124 1842 2178 ''3⁰''
1855 2132 1925 2156 Μ’

108 2209 361 2242 non-nemo
379 2192 616 2243 mirabitur.
635 2198 694 2242 At
710 2214 786 2243 nos
800 2212 987 2244 veterum
1002 2195 1193 2242 instituta
1215 2193 1436 2242 sectamur.
1462 2197 1531 2241 An
1549 2213 1639 2241 non
1656 2214 1747 2243 ma-
1768 2182 1878 2218 nones,

108 2261 214 2306 iores
230 2259 323 2307 suos
354 2262 547 2309 Romani
569 2258 742 2307 laudare
764 2260 873 2308 soliti
891 2278 968 2324 pro
1001 2261 1167 2307 rostris?
1199 2260 1351 2306 milites
1379 2260 1495 2323 apud
1521 2261 1748 2323 Thucydi—

108 2323 210 2371 dem
233 2325 365 2389 quam
379 2326 528 2389 grandi
543 2330 737 2373 oratione
754 2325 930 2373 Pericles
955 2344 1030 2390 pro
1050 2326 1181 2389 patria
1199 2325 1462 2384 interfee'cos,
1486 2326 1749 2373 Demosthe-

109 2406 182 2436 nes
194 2389 617 2456 Tulliusquequauta
633 2391 833 2438 facundi-li
859 2403 1134 2438 exornauere!
1159 2394 1366 2436 nimirum
1384 2429 1394 2448 ‚
1420 2408 1466 2437 vt
1492 2409 1599 2452 quos
1628 2391 1749 2438 forti-

108 2469 170 2501 ter
183 2455 372 2503 cadentes
391 2455 542 2520 aliquis
558 2472 780 2521 operuerat
795 2473 1002 2504 terrarum
1027 2455 1205 2521 angulus
1221 2493 1234 2511 ,
1260 2452 1416 2501 forensi
1440 2455 1749 2503 collocarentur

111 2520 156 2566 in
171 2518 261 2566 luce
282 2545 293 2578 3
313 2529 356 2568 &
382 2520 650 2569 disertissimis
678 2521 934 2585 insculptum
959 2519 1094 2569 verbis
1111 2561 1124 2581 ,
1154 2525 1276 2567 Pario
1292 2538 1506 2567 marmore
1531 2521 1748 2585 augustius

111 2587 156 2631 in
171 2588 324 2632 animis
346 2590 508 2634 ciuium
527 2586 733 2635 haberent
752 2604 1103 2634 monumentum.

177 2651 400 2699 Accedunt
414 2651 674 2700 emblemata
686 2691 699 2711 ‚
715 2671 788 2699 ceu
808 2670 949 2699 rerum
967 2653 1166 2715 quaedam
1183 2646 1484 2697 similitudines
1499 2690 1512 2710 ‚
1530 2648 1615 2697 fiue
1628 2692 1640 2711 ,
1659 2668 1749 2698 rur-
1772 2676 1811 2712 &a
1824 2672 1941 2707 embla-

113 2712 175 2761 sus
200 2732 390 2764 veterum
408 2717 621 2782 exemplo,
642 2722 859 2764 maiorum
877 2735 935 2763 res
955 2717 1086 2781 gestas
1105 2716 1389 2763 incidentium
1410 2720 1493 2773 aeri,
1507 2714 1591 2762 siue
1609 2719 1749 2782 AEgy-
1772 2733 1881 2758 mata.-

113 2782 304 2841 ptiorum
321 2782 485 2844 potius,
514 2787 589 2847 qui
605 2781 934 2847 hieroglyphicis
961 2780 1021 2830 vsi
1049 2801 1198 2829 arcana
1216 2798 1397 2845 quaeque
1417 2782 1650 2845 posteritati
1669 2800 1752 2829 tra-

115 2843 268 2891 didere.
295 2849 368 2892 Ne
385 2863 529 2894 tamen
562 2848 633 2895 hic
652 2846 872 2911 supercilio
889 2848 996 2895 tristi
1015 2845 1064 2894 sit
1082 2850 1235 2894 Lector
1249 2886 1261 2906 ‚
1278 2852 1352 2909 qui
1382 2844 1546 2910 singula
1570 2847 1623 2893 ad
1652 2851 1753 2911 rigi-

116 2906 219 2957 dam
238 2928 437 2959 normam
452 2911 682 2960 accuratius
712 2917 850 2977 exigat
867 2938 877 2971 3
894 2931 1033 2977 neque
1054 2917 1243 2959 animata
1263 2911 1414 2975 releget
1441 2909 1495 2960 ab
1513 2909 1754 2960 emblema-

116 2976 183 3033 tis,
199 2993 336 3039 neque
360 2976 610 3042 composita.
637 2982 697 3024 ita
713 2982 829 3024 enim
854 2977 1013 3042 placuit
1040 2977 1264 3025 admiscere
1292 2977 1471 3035 diuersa3
1504 2985 1546 3023 &
1582 2978 1683 3024 vero
1708 2983 1754 3025 in

118 3038 325 3087 eiusmodi
347 3041 466 3090 rebus
489 3042 750 3091 arbitrariam
776 3043 851 3090 effe
874 3044 1001 3092 video
1017 3044 1244 3090 doctorum
1272 3042 1640 3107 indo<5torumque
1665 3042 1755 3090 sen-

118 3107 308 3151 tentiam.
334 3112 479 3170 Qire
507 3126 584 3155 nec
614 3113 875 3167 animantes,
895 3126 973 3156 nec
1003 3109 1103 3158 vero
1129 3107 1292 3155 fabulas
1319 3108 1596 3172 historiasque
1624 3107 1755 3156 seclu-

119 3167 282 3215 dimus:
304 3172 452 3219 scimus
472 3178 586 3220 enim
606 3182 648 3221 δε
674 3175 763 3219 haec
781 3173 975 3237 placuisse
988 3193 1076 3221 non
1095 3178 1252 3237 paucis.
1274 3173 1542 3221 multitudini
1555 3176 1754 3237 Scriptor‚

116 3249 208 3278 non
229 3236 412 3297 pauculis
431 3237 700 3297 hominibus,
719 3238 866 3285 seruire
884 3240 1128 3286 contendat.

70 3358 73 3359 ⁷
186 3300 346 3362 Siquid
361 3303 597 3365 expolitum
623 3302 763 3350 minus
784 3303 1026 3363 videbitur,
1055 3303 1278 3367 minusque
1299 3304 1588 3361 elaboratum3
1607 3301 1662 3350 sic
1679 3304 1756 3352 lia-

111 3359 250 3411 beto:
278 3372 322 3415 ὃς
345 3382 513 3434 tempus
536 3367 653 3418 fuiss'e
673 3367 970 3434 breuissimum
996 3374 1069 3423 vix
1093 3369 1296 3422 semestris
1322 3375 1462 3431 vnius,
1479 3387 1567 3419 non
1584 3370 1754 3419 tantum
1773 3389 1878 3474 Jmmsi
1898 3391 1960 3433 pne

1612 3434 1754 3485 elucu*
1792 3439 1852 3460 ‘'²'‘
1881 3439 1920 3464 ⁷¹·
