2326 4080
392 493 551 525 mamaeae

392 535 512 564 Ponteiu
522 532 569 559 Vi-

391 573 416 600 ti
432 574 555 600 PAiuar.

390 620 461 645 ιη,
476 613 529 644 §.L

395 854 561 889 Conflua-

394 915 485 935 rtones
503 908 564 934 ἕο-

392 952 512 984 czetati's
523 960 575 996 ope

393 999 578 1044 BJ'irgmis

386 1047 517 1091 scriptae.

396 1092 460 1119 P.de
470 1089 562 1118 Palma

394 1130 438 1158 lib.
458 1130 550 1157 Exere.

393 1168 435 1195 die
447 1171 554 1206 &epat-

394 1207 462 1234 nult.

399 1889 425 1922 B
431 1887 478 1920 .V
477 1889 542 1933 irgo

397 1939 489 1969 Petro
506 1937 583 1967 Fer-

399 1997 432 2018 ro
447 1992 543 2029 appa-

397 2043 467 2066 rens
481 2029 569 2074 sani-

398 2088 497 2114 tatem
505 2088 555 2111 at-

400 2126 489 2160 tulit.

400 2446 504 2480 Primi
514 2445 583 2476 Pa-

402 2503 546 2527 tresvom

400 2551 570 2588 nuncupa-

401 2600 478 2622 runt
499 2601 532 2621 m

401 2636 461 2669 crde
473 2640 511 2673 (ἐν
523 2639 585 2669 Fe-

395 2683 441 2729 sto
455 2684 546 2718 beata

404 2732 556 2780 Virginis.

596 362 666 411 74
818 355 1059 400 IMAGO
1102 354 1313 400 PRIMI
1358 350 1641 399 SAECVLI‘
1678 349 1834 405 SOC.
1889 349 2057 398 IESVa,

593 449 693 497 porc
719 430 1052 499 frequentissime
1081 431 1145 480 illi
1176 430 1451 496 spestandam
1480 429 1517 477 se
1544 428 1703 476 obtulit
1730 430 1944 486 MAR1A3
1975 428 2044 475 sed
2065 427 2156 475 luce
2172 425 2242 476 suf}

595 503 793 546 animum
817 505 903 547 eius
932 501 1070 563 magis
1093 496 1228 561 quam
1256 495 1402 543 oculos
1419 494 1630 559 impleuit.
1669 496 1735 541 Ac
1751 511 1810 541 ne
1829 492 1914 540 vlla
1931 493 2161 541 dubitandi
2177 495 2244 541 su<-

594 563 723 626 persit
744 566 897 622 caussa,
915 568 988 613 vni
1006 562 1179 611 cuidam
1195 562 1285 608 haec
1298 564 1502 609 Exercitia
1517 563 1604 605 iam
1622 558 1900 623 aggredienti,
1918 562 2036 605 cuius
2054 557 2245 622 explora—

596 643 638 676 ta
655 629 849 677 sane‘titas
869 647 1049 676 omnem
1074 625 1205 674 fidem
1223 643 1422 685 meretur,
1448 624 1533 689 ipsa
1548 627 1738 687 Deipara
1766 621 2025 686 significauit
2037 658 2050 683 ,
2067 623 2246 688 gratifli-

597 712 686 742 mas
706 694 784 742 fibi
808 695 884 742 effe
906 695 979 741 has
1001 693 1321 748 meditationes,
1345 707 1493 754 vtpote
1508 707 1610 753 quas
1635 697 1678 735 ὃς
1702 687 1789 752 ipsa
1807 687 1914 735 dum
1933 692 2039 735 vixit
2054 726 2066 748 ,
2086 688 2246 754 semper

597 763 745 807 animo
762 759 963 816 versasiet,
983 777 1030 805 ac
1043 757 1195 805 deinde
1213 760 1432 821 Ignatium
1448 752 1825 818 docuisset,easque
1847 751 2099 800 scribentem
2117 753 2247 818 pluri-

599 825 721 871 mum
752 825 933 871 irruisset.
979 826 1075 871 Nec
1094 824 1234 869 minus
1252 824 1469 868 Societatis
1485 819 1830 865 Constitutiones
1846 836 1893 865 ac
1906 816 2014 882 leges
2032 837 2138 882 opus
2153 820 2248 867 sunt

599 906 646 936 vt
663 889 857 937 humano
874 892 1026 949 maius,
1042 892 1100 935 ita
1118 885 1416 952 diguissimum
1434 884 1534 931 diu-3.
1548 886 1727 947 Virgine
1742 882 1953 947 magistra.
2001 886 2049 930 In
2071 884 2134 931 his
2157 884 2248 932 san-

600 957 690 1001 etus
709 959 828 1002 Pater
844 954 941 1002 cum
960 954 996 1000 se
1020 952 1161 1010 nobis,
1181 956 1384 1016 quamuis
1404 950 1447 997 id
1461 967 1550 997 non
1567 964 1719 1012 ageret,
1736 947 1811 994 suo
1825 946 2028 1011 penicillo
2045 948 2248 1014 depinge-

601 1036 675 1079 ret,
692 1024 734 1066 in
745 1019 938 1084 quodam
958 1015 1320 1066 commentariolo
1338 1017 1508 1064 testatur
1521 1013 1575 1060 ad
1594 1013 1630 1059 se
1651 1013 1893 1077 frequenter
1909 1013 2064 1060 venisse
2077 1015 2250 1062 Media-

601 1102 726 1144 torcs,
744 1102 933 1148 quorum
953 1089 1133 1130 nomine
1149 1086 1298 1129 lsssvm
1316 1080 1507 1144 designat
1525 1087 1568 1125 &
1586 1079 1844 1135 MAR1AM3
1864 1096 1917 1125 ne
1934 1077 2088 1126 nesciat
2110 1083 2252 1128 Socie-

601 1164 660 1196 tas
676 1151 818 1212 parere
839 1150 877 1196 se
906 1147 1070 1212 legibus
1092 1147 1146 1194 ab
1173 1151 1274 1195 lsssv
1294 1154 1337 1192 &
1357 1148 1545 1193 MAR1A
1565 1148 1700 1208 magis
1719 1143 1852 1208 quam
1876 1143 1931 1191 ab
1947 1145 2117 1207 Ignatio
2140 1143 2249 1193 latis.

602 1214 784 1279 Qidni
808 1232 908 1275 ergo
936 1211 1125 1260 MAmA
1145 1210 1195 1258 sit
1216 1215 1374 1269 nutrix,
1393 1227 1573 1275 patrona
1592 1217 1634 1256 &
1649 1208 1775 1256 altera
1794 1208 1910 1256 velut
1933 1211 2087 1256 auCtor
2110 1214 2252 1258 Socie-

602 1286 715 1331 tatis,
734 1279 831 1326 cum
852 1267 1025 1342 qualem
1041 1281 1296 1324 Societatem
1315 1277 1392 1323 esse
1413 1275 1574 1332 voluit,
1595 1276 1748 1338 Ignatij
1770 1292 1899 1321 manu
1927 1273 2011 1338 ipsa
2036 1274 2252 1340 quodam-

601 1344 742 1391 modo
759 1343 1040 1407 descripserit?
1066 1346 1118 1390 Et
1135 1345 1349 1406 quoniam
1378 1345 1618 1388 amantium
1634 1339 1846 1404 obsequiis
1869 1343 2054 1403 pretium
2079 1340 2181 1387 facit
2209 1360 2252 1389 a·

600 1427 715 1467 mor,
729 1426 910 1455 omnem
923 1405 1196 1455 occafionem
1214 1405 1471 1454 testificandi
1484 1408 1642 1459 amoris
1655 1405 1716 1452 sui
1733 1410 1776 1452 in
1789 1407 1951 1452 Diuam
1967 1404 2094 1452 auide
2109 1423 2253 1469 capta-

602 1471 676 1520 bat
694 1477 897 1538 Ignatius.
938 1471 1201 1536 Erumpebat
1228 1472 1299 1519 hic
1314 1480 1356 1519 δε
1371 1470 1579 1536 prodebat
1594 1471 1633 1517 se
1646 1474 1689 1518 in
1707 1474 1794 1518 eius
1808 1469 1945 1518 verbis
1959 1508 1972 1530 ,
1990 1470 2251 1533 astionffiug

601 1537 886 1602 scriPtiS‚quia
905 1541 948 1586 in
971 1540 1143 1601 pe6³tore
1160 1537 1324 1601 semper
1338 1535 1556 1584 aestuabat.
1597 1535 1725 1582 Illum
1739 1534 1996 1584 transfusum
2017 1535 2191 1584 volebat
2207 1541 2253 1584 in

601 1602 710 1650 suos.
751 1610 911 1669 Qam
930 1607 1046 1650 enim
1062 1601 1330 1650 Scholasticis
1362 1602 1512 1650 nostris
1530 1609 1571 1648 ὃς
1586 1599 1931 1648 Coadiutoribus
1956 1598 2254 1665 praescripserat

603 1667 756 1716 horam
773 1668 989 1732 precandi,
1004 1686 1098 1715 eam
1118 1666 1310 1731 auspiciis
1334 1670 1525 1730 Virginis
1544 1665 1720 1716 volebat
1733 1666 1911 1724 institui,
1931 1674 1974 1713 &
1993 1664 2070 1714 sub
2086 1670 2172 1713 eius
2188 1683 2254 1714 tu-

603 1732 685 1780 teli}
702 1733 922 1796 impendi,
945 1733 1060 1797 spem
1075 1732 1366 1792 facienS,vt,e·S„
1381 1731 1830 1791 interueniente,citius
1846 1747 2049 1778 votorum
2069 1749 2254 1796 compo·

604 1813 662 1844 tes
675 1799 959 1846 redderentur.
994 1797 1083 1845 Sibi
1109 1797 1365 1845 industriam
1396 1796 1518 1844 illam
1539 1800 1663 1844 toties
1690 1796 1865 1844 feliciter
1887 1794 2058 1852 ceffiffe,
2085 1800 2254 1862 quoties

606 1863 854 1926 vsurpasset:
883 1865 963 1910 hac
987 1861 1099 1909 nihil
1121 1879 1212 1910 non
1239 1862 1478 1926 impetrasse
1494 1861 1560 1919 se,
1587 1860 1697 1909 nihil
1717 1879 1805 1908 non
1824 1862 1996 1925 sperare.
2024 1865 2121 1909 Hac
2140 1860 2254 1924 fisus,

608 1931 731 1974 Petro
750 1933 873 1976 Ferro
889 1929 943 1976 ad
968 1928 1246 1975 Medicorum
1271 1926 1610 1991 desperationem
1629 1931 1851 1991 aegrotanti
1879 1925 2077 1991 promisit
2105 1926 2256 1977 sanita·
2325 1954 2326 1958 ¹

606 2009 692 2039 tem
711 2013 720 2038 :
740 1990 873 2042 fidem
898 1994 1050 2057 Ignatij
1071 1992 1288 2041 cumulate
1308 1992 1516 2040 liberante
1538 1993 1700 2051 dicam,
1728 2011 1780 2039 an
1795 1991 2095 2056 compensante
2108 1995 2257 2057 Virgi-
2325 2010 2326 2014 ’

603 2066 678 2105 ne?
719 2077 821 2106 nam
839 2077 952 2124 aegro
964 2074 1110 2122 praeter
1135 2057 1382 2119 sanitatem,
1400 2062 1530 2105 etiam
1556 2057 1842 2122 conspectum
1859 2055 1919 2104 sui
1945 2056 2128 2116 obtulit,
2146 2057 2256 2107 sola-

605 2126 717 2170 tium
744 2124 832 2187 ips-[i
851 2125 1026 2171 sanitate
1050 2123 1241 2183 dulciuS,
1265 2130 1309 2170 &
1332 2122 1494 2170 nullius
1510 2141 1599 2170 non
1621 2122 1766 2170 morbi
1793 2122 1923 2186 poenz'i
1952 2121 2206 2183 emendum,
2224 2122 2257 2172 fi
2325 2167 2326 2170 ,

603 2188 685 2235 tale
698 2193 926 2251 prcemium
945 2188 1089 2236 morbi
1107 2189 1183 2236 esse
1200 2188 1347 2252 posset.
1365 2191 1566 2252 Denique
1586 2189 1684 2235 cum
1706 2190 1821 2236 varia
1837 2205 1886 2233 ex
1912 2190 2081 2251 Ignatio
2098 2206 2257 2252 quaere-

604 2269 749 2300 rentur
773 2253 825 2300 de
836 2258 1053 2306 Societatis
1068 2254 1280 2313 instituto,
1301 2258 1517 2301 rationum
1535 2256 1739 2301 omnium
1764 2252 1980 2300 summam
1997 2251 2142 2300 solitus
2168 2270 2255 2302 erat
2324 2265 2326 2303 J

605 2319 750 2365 referre
771 2323 814 2365 in
839 2320 1034 2368 secessum
1051 2317 1177 2367 illum
1202 2316 1509 2366 Manresanum
1525 2355 1539 2376 ‚
1567 2337 1698 2384 quem
1724 2317 1801 2365 sub
1825 2318 2070 2381 magisterio
2096 2321 2258 2386 Deipa-
2324 2335 2326 2376 ξ

607 2400 659 2430 rae
676 2384 870 2430 traduxit.

673 2449 893 2495 Confecto
913 2446 1076 2495 Parisiis
1091 2447 1378 2513 Philosophiae
1393 2447 1528 2510 cursu,
1540 2465 1588 2497 vt
1604 2448 1692 2513 ipse
1707 2448 1923 2513 primique
1949 2451 2035 2495 eius
2050 2449 2160 2508 Socij
2179 2446 2257 2497 sese
2324 2462 2326 2483 ³

609 2517 707 2561 Deo
725 2517 835 2561 votis
860 2514 935 2561 rite
959 2518 1217 2578 nuncupatis
1241 2515 1554 2573 consecrarent,
1584 2533 1632 2561 ac
1658 2517 1902 2573 Societatis,
1923 2532 2055 2578 quam
2071 2517 2258 2577 Deipara
2324 2565 2325 2569 ,

609 2596 681 2642 pei·
698 2582 918 2644 Ignatium
939 2578 1214 2639 moliebatur,
1232 2579 1515 2627 fundamenta
1533 2584 1730 2639 iacerent,
1747 2586 1791 2625 δε
1815 2578 1927 2625 lianc
1942 2582 2078 2626 animi
2093 2578 2256 2627 suiseu-

609 2648 787 2691 tentiam
817 2661 943 2708 atque
974 2643 1226 2709 religionem
1257 2643 1527 2709 sequentibus
1554 2648 1674 2692 annis
1701 2643 1835 2691 rursus
1863 2648 2142 2702 innouarent3
2166 2661 2257 2692 non
2323 2654 2325 2685 f

609 2708 728 2756 aliud
747 2708 906 2772 placuit
931 2725 1116 2772 tempus,
1132 2727 1219 2756 non
1239 2709 1343 2757 alius
1363 2708 1498 2770 locus,
1515 2709 1647 2774 quam
1661 2709 1748 2757 dies
1764 2717 1808 2756 &
1825 2709 1930 2756 aedes
1945 2713 2115 2773 Virgini
2128 2707 2256 2769 sacra,
2323 2726 2325 2750 τ

609 2772 729 2836 quasi
742 2792 793 2820 eo
806 2776 887 2820 ritu
902 2773 1076 2821 nouella
1100 2773 1372 2837 profiteretur
1388 2778 1569 2823 Societas
1587 2775 1680 2822 sein
1701 2773 1785 2822 fide
1800 2782 1844 2822 &
1862 2773 2056 2821 clientela
2066 2777 2256 2837 Virginis
2322 2832 2323 2836 Ἰ

608 2839 721 2885 nasci
738 2837 861 2897 velle,
878 2847 922 2887 ὃς
935 2839 1125 2897 crescere,
1149 2848 1192 2887 δε
1209 2857 1449 2904 perennare.
1476 2843 1576 2888 Hoc
1589 2841 1735 2904 spiritu
1749 2858 1880 2904 quem
1900 2838 1955 2888 ab
1971 2841 2141 2902 Ignatio
2153 2839 2258 2887 hau-
2322 2851 2324 2882 ὲ

607 2904 742 2950 serant
758 2906 868 2963 Socij
885 2943 898 2964 ,
916 2901 1162 2970 affeetuque
1177 2909 1221 2951 in
1238 2908 1472 2969 Deiparam
1489 2904 1626 2970 pleni,
1644 2904 1745 2952 cum
1770 2908 1964 2953 Romam
1977 2908 2167 2953 Venetiis
2184 2908 2260 2952 ite-
2321 2902 2323 2936 ἶ

608 2986 704 3015 rum
729 2966 1117 3031 proficiscerentur,
1142 2969 1196 3017 ad
1220 2972 1504 3018 Lauretanam
1527 2974 1616 3017 eius
1642 2971 1777 3018 aedem
1806 2971 1999 3018 triduum
2019 2969 2252 3018 substitere.

607 3051 698 3097 quo
717 3049 911 3096 tempore
936 3038 1081 3098 pietati
1110 3034 1191 3082 suae
1214 3034 1482 3100 indulgentes
1497 3075 1510 3096 ,
1532 3034 1838 3083 coalescentem
1859 3039 2114 3082 Societatem
2131 3038 2260 3082 Diuae
2305 3080 2322 3099 ⁴<

608 3098 801 3161 impense
821 3099 1194 3147 commendarunt.
1234 3105 1539 3165 Qae,mirum
1557 3100 1797 3165 distmpost
1812 3105 1914 3148 anni
1928 3099 2164 3157 luetam‚ex
2179 3116 2258 3147 vo-

608 3179 654 3210 to
670 3167 874 3210 omnium
900 3163 982 3211 fuit
1008 3164 1238 3212 constituta
1257 3174 1301 3212 &
1324 3166 1555 3229 approbata
1569 3202 1584 3223 ,
1609 3183 1699 3213 non
1722 3164 1808 3213 sine
1831 3166 1944 3213 certa
1962 3169 2156 3213 Patronae
2176 3163 2258 3212 suae
2320 3166 2322 3222 j

607 3247 692 3292 ope
705 3268 716 3288 ,
738 3247 870 3292 quam
885 3246 958 3292 per
973 3229 1154 3276 affiduas
1176 3247 1316 3293 preces
1333 3229 1685 3295 efflagitauerant.
1714 3229 1849 3277 Porro
1870 3234 2058 3295 Ignatius
2078 3233 2166 3277 iam
2184 3233 2259 3277 Sa·-
2320 3274 2321 3278 ,

608 3296 801 3341 cerdotio
825 3298 1037 3351 initiatus,
1065 3312 1142 3358 pro
1174 3293 1250 3341 suo
1276 3299 1321 3342 in
1348 3297 1581 3360 Deiparam
1608 3313 1786 3355 amore,
1813 3314 1903 3343 non
1933 3295 2035 3343 alibi
2063 3294 2258 3342 sustinuit

609 3375 767 3406 aeterno
789 3362 900 3405 Patri
925 3363 1011 3407 eius
1025 3359 1178 3407 Filium
1200 3359 1392 3423 primum
1410 3359 1655 3420 immolare,
1674 3362 1808 3425 quam
1827 3364 1872 3407 in
1889 3361 1977 3408 aede
1995 3361 2164 3407 Matris,
2183 3364 2259 3407 So-

610 3426 752 3472 cietati
779 3424 934 3472 deinde
957 3429 1159 3474 omnium
1182 3422 1389 3490 suffragiis
1415 3424 1690 3491 praepofitus,
1714 3424 1849 3472 rursus
1869 3425 2069 3474 sacellum
2086 3427 2257 3489 Virgini

2095 3489 2255 3540 sacrum
