<?xml version="1.0" encoding="UTF-8"?>
<!DOCTYPE html PUBLIC "-//W3C//DTD XHTML 1.0 Transitional//EN"
    "http://www.w3.org/TR/xhtml1/DTD/xhtml1-transitional.dtd">
<html xmlns="http://www.w3.org/1999/xhtml" xml:lang="en" lang="en">
 <head>
  <title>
</title>
<meta http-equiv="Content-Type" content="text/html;charset=utf-8" />
  <meta name='ocr-system' content='tesseract 3.04.00' />
  <meta name='ocr-capabilities' content='ocr_page ocr_carea ocr_par ocr_line ocrx_word'/>
</head>
<body>
  <div class='ocr_page' id='page_1' title='image "./imagoprimisaecul00boll_0390.png"; bbox 0 0 2321 4013; ppageno 0'>
   <div class='ocr_carea' id='block_1_1' title="bbox 392 387 2246 454">
    <p class='ocr_par' dir='ltr' id='par_1_1' title="bbox 392 387 2246 454">
     <span class='ocr_line' id='line_1_1' title="bbox 392 387 2246 454; baseline 0.004 -21"><span class='ocrx_word' id='word_1_1' title='bbox 392 391 574 426; x_wconf 72' lang='lat' dir='ltr'>Solcnm‘ta-</span> <span class='ocrx_word' id='word_1_2' title='bbox 594 404 661 434; x_wconf 87' lang='lat' dir='ltr'>tur</span> <span class='ocrx_word' id='word_1_3' title='bbox 685 387 759 434; x_wconf 85' lang='lat' dir='ltr'>di&#39;u</span> <span class='ocrx_word' id='word_1_4' title='bbox 789 387 1067 453; x_wconf 53' lang='lat' dir='ltr'>multumque</span> <span class='ocrx_word' id='word_1_5' title='bbox 1094 392 1137 435; x_wconf 90' lang='lat' dir='ltr'>in</span> <span class='ocrx_word' id='word_1_6' title='bbox 1164 407 1347 436; x_wconf 88' lang='lat' dir='ltr'>omnem</span> <span class='ocrx_word' id='word_1_7' title='bbox 1369 387 1406 435; x_wconf 92' lang='lat' dir='ltr'>se</span> <span class='ocrx_word' id='word_1_8' title='bbox 1427 404 1587 452; x_wconf 87' lang='lat' dir='ltr'>partem</span> <span class='ocrx_word' id='word_1_9' title='bbox 1606 388 1747 437; x_wconf 83' lang='lat' dir='ltr'>vbiuis</span> <span class='ocrx_word' id='word_1_10' title='bbox 1767 394 1959 445; x_wconf 60' lang='lat' dir='ltr'>gentium</span> <span class='ocrx_word' id='word_1_11' title='bbox 1970 391 2166 454; x_wconf 76' lang='lat' dir='ltr'>versasset3</span> <span class='ocrx_word' id='word_1_12' title='bbox 2183 390 2246 445; x_wconf 35' lang='lat' dir='ltr'>vi,¹</span> 
     </span>
    </p>
   </div>
   <div class='ocr_carea' id='block_1_2' title="bbox 393 440 566 521">
    <p class='ocr_par' dir='ltr' id='par_1_2' title="bbox 393 440 566 521">
     <span class='ocr_line' id='line_1_2' title="bbox 394 440 566 473; baseline -0.017 0"><span class='ocrx_word' id='word_1_13' title='bbox 394 452 433 473; x_wconf 66' lang='lat' dir='ltr'>ts&lt;</span> <span class='ocrx_word' id='word_1_14' title='bbox 445 440 566 472; x_wconf 65' lang='lat' dir='ltr'>dicrum</span> 
     </span>
     <span class='ocr_line' id='line_1_3' title="bbox 393 490 564 521; baseline -0.018 0"><span class='ocrx_word' id='word_1_15' title='bbox 393 490 564 521; x_wconf 71' lang='lat' dir='ltr'>Antect&#39;ne-</span> 
     </span>
    </p>
   </div>
   <div class='ocr_carea' id='block_1_3' title="bbox 392 537 583 569">
    <p class='ocr_par' dir='ltr' id='par_1_3' title="bbox 392 537 583 569">
     <span class='ocr_line' id='line_1_4' title="bbox 392 537 583 569; baseline -0.01 0"><span class='ocrx_word' id='word_1_16' title='bbox 392 537 510 569; x_wconf 60' lang='lat' dir='ltr'>raham</span> <span class='ocrx_word' id='word_1_17' title='bbox 524 537 583 567; x_wconf 74' lang='lat' dir='ltr'>mi·</span> 
     </span>
    </p>
   </div>
   <div class='ocr_carea' id='block_1_4' title="bbox 395 595 488 625">
    <p class='ocr_par' dir='ltr' id='par_1_4' title="bbox 395 595 488 625">
     <span class='ocr_line' id='line_1_5' title="bbox 395 595 488 625; baseline 0 -9"><span class='ocrx_word' id='word_1_18' title='bbox 395 595 488 625; x_wconf 69' lang='lat' dir='ltr'>num,</span> 
     </span>
    </p>
   </div>
   <div class='ocr_carea' id='block_1_5' title="bbox 401 1497 575 1684">
    <p class='ocr_par' dir='ltr' id='par_1_5' title="bbox 401 1497 562 1580">
     <span class='ocr_line' id='line_1_6' title="bbox 401 1497 562 1543; baseline -0.012 -10"><span class='ocrx_word' id='word_1_19' title='bbox 401 1497 562 1543; x_wconf 72' lang='lat' dir='ltr'>eorumsb-</span> 
     </span>
     <span class='ocr_line' id='line_1_7' title="bbox 401 1548 533 1580; baseline -0.008 -1"><span class='ocrx_word' id='word_1_20' title='bbox 401 1548 533 1580; x_wconf 69' lang='lat' dir='ltr'>lenmms</span> 
     </span>
    </p>

    <p class='ocr_par' dir='ltr' id='par_1_6' title="bbox 402 1593 575 1684">
     <span class='ocr_line' id='line_1_8' title="bbox 406 1593 575 1628; baseline -0.012 0"><span class='ocrx_word' id='word_1_21' title='bbox 406 1597 431 1628; x_wconf 82' lang='lat' dir='ltr'><em>R</em></span> <span class='ocrx_word' id='word_1_22' title='bbox 438 1606 505 1627; x_wconf 77' lang='lat' dir='ltr'>omae</span> <span class='ocrx_word' id='word_1_23' title='bbox 521 1593 575 1627; x_wconf 78' lang='lat' dir='ltr'>hoc</span> 
     </span>
     <span class='ocr_line' id='line_1_9' title="bbox 402 1645 564 1684; baseline 0 -9"><span class='ocrx_word' id='word_1_24' title='bbox 402 1655 452 1676; x_wconf 74' lang='lat' dir='ltr'>an.</span> <span class='ocrx_word' id='word_1_25' title='bbox 468 1655 479 1677; x_wconf 85' lang='lat'>1</span> <span class='ocrx_word' id='word_1_26' title='bbox 488 1645 505 1675; x_wconf 85' lang='lat'>6</span> <span class='ocrx_word' id='word_1_27' title='bbox 510 1655 564 1684; x_wconf 78' lang='lat'>40.</span> 
     </span>
    </p>
   </div>
   <div class='ocr_carea' id='block_1_6' title="bbox 596 250 2259 1634">
    <p class='ocr_par' dir='ltr' id='par_1_7' title="bbox 2241 250 2245 289">
     <span class='ocr_line' id='line_1_10' title="bbox 2241 250 2245 289; baseline 0 0"><span class='ocrx_word' id='word_1_28' title='bbox 2241 250 2245 289; x_wconf 88' lang='grc' dir='ltr'>Ι</span> 
     </span>
    </p>

    <p class='ocr_par' dir='ltr' id='par_1_8' title="bbox 596 306 2259 1634">
     <span class='ocr_line' id='line_1_11' title="bbox 596 306 2246 361; baseline 0 -9"><span class='ocrx_word' id='word_1_29' title='bbox 596 306 695 361; x_wconf 81' lang='grc'>376</span> <span class='ocrx_word' id='word_1_30' title='bbox 802 309 1044 351; x_wconf 75' lang='lat' dir='ltr'>IMAGO</span> <span class='ocrx_word' id='word_1_31' title='bbox 1098 306 1313 350; x_wconf 79' lang='lat' dir='ltr'>PRIMI</span> <span class='ocrx_word' id='word_1_32' title='bbox 1351 307 1618 350; x_wconf 84' lang='lat' dir='ltr'>SAECVLI</span> <span class='ocrx_word' id='word_1_33' title='bbox 1656 307 1805 350; x_wconf 85' lang='lat' dir='ltr'>SOC.</span> <span class='ocrx_word' id='word_1_34' title='bbox 1845 311 2013 352; x_wconf 86' lang='lat' dir='ltr'>IESV.</span> <span class='ocrx_word' id='word_1_35' title='bbox 2243 308 2246 359; x_wconf 73' lang='lat' dir='ltr'>l</span> 
     </span>
     <span class='ocr_line' id='line_1_12' title="bbox 598 434 2247 520; baseline 0.007 -21"><span class='ocrx_word' id='word_1_36' title='bbox 598 448 690 500; x_wconf 88' lang='lat' dir='ltr'>sum</span> <span class='ocrx_word' id='word_1_37' title='bbox 713 452 962 500; x_wconf 82' lang='lat' dir='ltr'>esttaudem</span> <span class='ocrx_word' id='word_1_38' title='bbox 983 471 1079 501; x_wconf 85' lang='lat' dir='ltr'>toto</span> <span class='ocrx_word' id='word_1_39' title='bbox 1094 455 1176 502; x_wconf 88' lang='lat' dir='ltr'>isto</span> <span class='ocrx_word' id='word_1_40' title='bbox 1193 453 1335 501; x_wconf 79' lang='lat' dir='ltr'>triduo</span> <span class='ocrx_word' id='word_1_41' title='bbox 1362 452 1580 517; x_wconf 81' lang='lat' dir='ltr'>solennem</span> <span class='ocrx_word' id='word_1_42' title='bbox 1599 459 1641 499; x_wconf 90' lang='lat' dir='ltr'>in</span> <span class='ocrx_word' id='word_1_43' title='bbox 1667 441 1836 517; x_wconf 73' lang='lat' dir='ltr'>templis</span> <span class='ocrx_word' id='word_1_44' title='bbox 1861 456 1939 502; x_wconf 84' lang='lat' dir='ltr'>suis</span> <span class='ocrx_word' id='word_1_45' title='bbox 1967 434 2247 520; x_wconf 74' lang='lat' dir='ltr'>precationeml</span> 
     </span>
     <span class='ocr_line' id='line_1_13' title="bbox 600 518 2248 584; baseline 0.007 -19"><span class='ocrx_word' id='word_1_46' title='bbox 600 519 808 579; x_wconf 87' lang='lat' dir='ltr'>indicere,</span> <span class='ocrx_word' id='word_1_47' title='bbox 838 528 881 566; x_wconf 66' lang='grc' dir='ltr'>ὃς</span> <span class='ocrx_word' id='word_1_48' title='bbox 898 520 1107 567; x_wconf 81' lang='lat' dir='ltr'>omnibus</span> <span class='ocrx_word' id='word_1_49' title='bbox 1131 519 1288 583; x_wconf 86' lang='lat' dir='ltr'>quibus</span> <span class='ocrx_word' id='word_1_50' title='bbox 1316 519 1447 583; x_wconf 76' lang='lat' dir='ltr'>posset</span> <span class='ocrx_word' id='word_1_51' title='bbox 1476 519 1617 565; x_wconf 89' lang='lat' dir='ltr'>modis</span> <span class='ocrx_word' id='word_1_52' title='bbox 1638 518 1788 584; x_wconf 87' lang='lat' dir='ltr'>populi</span> <span class='ocrx_word' id='word_1_53' title='bbox 1815 524 2012 583; x_wconf 85' lang='lat' dir='ltr'>pietatem</span> <span class='ocrx_word' id='word_1_54' title='bbox 2040 521 2248 577; x_wconf 76' lang='lat' dir='ltr'>solicitatel</span> 
     </span>
     <span class='ocr_line' id='line_1_14' title="bbox 601 581 2249 657; baseline 0.004 -25"><span class='ocrx_word' id='word_1_55' title='bbox 601 587 669 632; x_wconf 83' lang='lat' dir='ltr'>Ac</span> <span class='ocrx_word' id='word_1_56' title='bbox 682 586 870 648; x_wconf 74' lang='lat' dir='ltr'>primum</span> <span class='ocrx_word' id='word_1_57' title='bbox 891 587 1071 649; x_wconf 85' lang='lat' dir='ltr'>quidem</span> <span class='ocrx_word' id='word_1_58' title='bbox 1088 586 1269 632; x_wconf 85' lang='lat' dir='ltr'>timebat</span> <span class='ocrx_word' id='word_1_59' title='bbox 1286 584 1372 646; x_wconf 81' lang='lat' dir='ltr'>ipsa</span> <span class='ocrx_word' id='word_1_60' title='bbox 1388 601 1549 631; x_wconf 83' lang='lat' dir='ltr'>vanum</span> <span class='ocrx_word' id='word_1_61' title='bbox 1577 602 1752 649; x_wconf 83' lang='lat' dir='ltr'>quoque</span> <span class='ocrx_word' id='word_1_62' title='bbox 1777 584 1861 631; x_wconf 86' lang='lat' dir='ltr'>hoc</span> <span class='ocrx_word' id='word_1_63' title='bbox 1879 589 2041 649; x_wconf 86' lang='lat' dir='ltr'>pietatis</span> <span class='ocrx_word' id='word_1_64' title='bbox 2060 581 2249 657; x_wconf 76' lang='lat' dir='ltr'>stratagel</span> 
     </span>
     <span class='ocr_line' id='line_1_15' title="bbox 601 646 2249 718; baseline 0.004 -22"><span class='ocrx_word' id='word_1_65' title='bbox 601 668 672 696; x_wconf 88' lang='lat' dir='ltr'>ma</span> <span class='ocrx_word' id='word_1_66' title='bbox 692 652 808 708; x_wconf 80' lang='lat' dir='ltr'>fore,</span> <span class='ocrx_word' id='word_1_67' title='bbox 829 669 906 697; x_wconf 90' lang='lat' dir='ltr'>nec</span> <span class='ocrx_word' id='word_1_68' title='bbox 929 650 1063 696; x_wconf 90' lang='lat' dir='ltr'>alium</span> <span class='ocrx_word' id='word_1_69' title='bbox 1083 649 1240 697; x_wconf 86' lang='lat' dir='ltr'>laboris</span> <span class='ocrx_word' id='word_1_70' title='bbox 1267 649 1532 696; x_wconf 64' lang='lat' dir='ltr'>iixistuetum</span> <span class='ocrx_word' id='word_1_71' title='bbox 1553 650 1688 712; x_wconf 66' lang='lat' dir='ltr'>quam</span> <span class='ocrx_word' id='word_1_72' title='bbox 1707 648 1835 697; x_wconf 81' lang='lat' dir='ltr'>risum</span> <span class='ocrx_word' id='word_1_73' title='bbox 1863 646 2179 718; x_wconf 55' lang='lat' dir='ltr'>ludibriumque</span> <span class='ocrx_word' id='word_1_74' title='bbox 2195 657 2249 718; x_wconf 59' lang='lat' dir='ltr'>re}</span> 
     </span>
     <span class='ocr_line' id='line_1_16' title="bbox 600 713 2250 820; baseline 0.004 -58"><span class='ocrx_word' id='word_1_75' title='bbox 600 714 802 762; x_wconf 81' lang='lat' dir='ltr'>laturam.</span> <span class='ocrx_word' id='word_1_76' title='bbox 842 714 1005 779; x_wconf 90' lang='lat' dir='ltr'>templa</span> <span class='ocrx_word' id='word_1_77' title='bbox 1031 720 1190 780; x_wconf 85' lang='lat' dir='ltr'>quippe</span> <span class='ocrx_word' id='word_1_78' title='bbox 1205 716 1276 762; x_wconf 83' lang='lat' dir='ltr'>sua</span> <span class='ocrx_word' id='word_1_79' title='bbox 1297 733 1386 761; x_wconf 92' lang='lat' dir='ltr'>non</span> <span class='ocrx_word' id='word_1_80' title='bbox 1407 714 1629 775; x_wconf 87' lang='lat' dir='ltr'>adeunda,</span> <span class='ocrx_word' id='word_1_81' title='bbox 1647 713 1726 762; x_wconf 84' lang='lat' dir='ltr'>nisi</span> <span class='ocrx_word' id='word_1_82' title='bbox 1743 714 1798 762; x_wconf 85' lang='lat' dir='ltr'>ab</span> <span class='ocrx_word' id='word_1_83' title='bbox 1815 719 1863 763; x_wconf 80' lang='lat' dir='ltr'>iis</span> <span class='ocrx_word' id='word_1_84' title='bbox 1881 722 1957 780; x_wconf 82' lang='lat' dir='ltr'>qui</span> <span class='ocrx_word' id='word_1_85' title='bbox 1974 721 2105 765; x_wconf 87' lang='lat' dir='ltr'>animi</span> <span class='ocrx_word' id='word_1_86' title='bbox 2123 724 2250 820; x_wconf 52' lang='lat' dir='ltr'>caussa}</span> 
     </span>
     <span class='ocr_line' id='line_1_17' title="bbox 607 780 2243 846; baseline 0.006 -20"><span class='ocrx_word' id='word_1_87' title='bbox 607 781 843 844; x_wconf 54' lang='lat' dir='ltr'>spectatum</span> <span class='ocrx_word' id='word_1_88' title='bbox 861 785 1053 828; x_wconf 85' lang='lat' dir='ltr'>venirent</span> <span class='ocrx_word' id='word_1_89' title='bbox 1071 784 1330 840; x_wconf 76' lang='lat' dir='ltr'>vacuitatem</span> <span class='ocrx_word' id='word_1_90' title='bbox 1351 789 1394 828; x_wconf 59' lang='grc' dir='ltr'>ἅ</span> <span class='ocrx_word' id='word_1_91' title='bbox 1416 780 1708 827; x_wconf 75' lang='lat' dir='ltr'>iolitudinem.</span> <span class='ocrx_word' id='word_1_92' title='bbox 1738 780 1846 827; x_wconf 73' lang='lat' dir='ltr'>adeo</span> <span class='ocrx_word' id='word_1_93' title='bbox 1870 781 1970 828; x_wconf 88' lang='lat' dir='ltr'>altas</span> <span class='ocrx_word' id='word_1_94' title='bbox 1986 800 2122 846; x_wconf 76' lang='lat' dir='ltr'>egerat</span> <span class='ocrx_word' id='word_1_95' title='bbox 2148 789 2243 836; x_wconf 85' lang='lat' dir='ltr'>radi-</span> 
     </span>
     <span class='ocr_line' id='line_1_18' title="bbox 599 845 2244 912; baseline 0.006 -21"><span class='ocrx_word' id='word_1_96' title='bbox 599 865 661 892; x_wconf 80' lang='lat' dir='ltr'>ces</span> <span class='ocrx_word' id='word_1_97' title='bbox 685 849 971 893; x_wconf 83' lang='lat' dir='ltr'>inueteratum</span> <span class='ocrx_word' id='word_1_98' title='bbox 1002 846 1183 892; x_wconf 84' lang='lat' dir='ltr'>malum.</span> <span class='ocrx_word' id='word_1_99' title='bbox 1223 847 1304 894; x_wconf 90' lang='lat' dir='ltr'>Sed</span> <span class='ocrx_word' id='word_1_100' title='bbox 1321 851 1426 893; x_wconf 78' lang='lat' dir='ltr'>tanti</span> <span class='ocrx_word' id='word_1_101' title='bbox 1447 863 1554 902; x_wconf 77' lang='lat' dir='ltr'>erat³</span> <span class='ocrx_word' id='word_1_102' title='bbox 1579 845 1750 908; x_wconf 83' lang='lat' dir='ltr'>ludibrij</span> <span class='ocrx_word' id='word_1_103' title='bbox 1773 845 1812 892; x_wconf 90' lang='lat' dir='ltr'>se</span> <span class='ocrx_word' id='word_1_104' title='bbox 1829 846 2018 910; x_wconf 87' lang='lat' dir='ltr'>periculo</span> <span class='ocrx_word' id='word_1_105' title='bbox 2035 867 2244 912; x_wconf 47' lang='lat' dir='ltr'>exponere,</span> 
     </span>
     <span class='ocr_line' id='line_1_19' title="bbox 600 909 2245 981; baseline 0.004 -24"><span class='ocrx_word' id='word_1_106' title='bbox 600 913 721 976; x_wconf 82' lang='lat' dir='ltr'>quod</span> <span class='ocrx_word' id='word_1_107' title='bbox 740 915 965 960; x_wconf 80' lang='lat' dir='ltr'>CHR1ST1</span> <span class='ocrx_word' id='word_1_108' title='bbox 989 912 1129 958; x_wconf 58' lang='lat' dir='ltr'>caussa</span> <span class='ocrx_word' id='word_1_109' title='bbox 1150 930 1240 959; x_wconf 91' lang='lat' dir='ltr'>non</span> <span class='ocrx_word' id='word_1_110' title='bbox 1262 912 1519 975; x_wconf 71' lang='lat' dir='ltr'>fugiendum</span> <span class='ocrx_word' id='word_1_111' title='bbox 1539 911 1607 958; x_wconf 77' lang='lat' dir='ltr'>sed</span> <span class='ocrx_word' id='word_1_112' title='bbox 1632 913 1924 977; x_wconf 86' lang='lat' dir='ltr'>appetendum</span> <span class='ocrx_word' id='word_1_113' title='bbox 1941 912 2015 973; x_wconf 88' lang='lat' dir='ltr'>est,</span> <span class='ocrx_word' id='word_1_114' title='bbox 2029 909 2245 981; x_wconf 77' lang='lat' dir='ltr'>nealiquid</span> 
     </span>
     <span class='ocr_line' id='line_1_20' title="bbox 602 976 2246 1041; baseline 0.004 -18"><span class='ocrx_word' id='word_1_115' title='bbox 602 981 861 1025; x_wconf 81' lang='lat' dir='ltr'>intentatum</span> <span class='ocrx_word' id='word_1_116' title='bbox 879 977 1158 1041; x_wconf 83' lang='lat' dir='ltr'>relinqueret,</span> <span class='ocrx_word' id='word_1_117' title='bbox 1190 996 1280 1041; x_wconf 85' lang='lat' dir='ltr'>quo</span> <span class='ocrx_word' id='word_1_118' title='bbox 1304 978 1394 1040; x_wconf 88' lang='lat' dir='ltr'>spes</span> <span class='ocrx_word' id='word_1_119' title='bbox 1414 977 1508 1024; x_wconf 68' lang='lat' dir='ltr'>ell‘ct</span> <span class='ocrx_word' id='word_1_120' title='bbox 1535 976 1722 1024; x_wconf 84' lang='lat' dir='ltr'>effusum</span> <span class='ocrx_word' id='word_1_121' title='bbox 1739 976 1855 1024; x_wconf 80' lang='lat' dir='ltr'>hunc</span> <span class='ocrx_word' id='word_1_122' title='bbox 1872 981 2096 1041; x_wconf 84' lang='lat' dir='ltr'>impietatis</span> <span class='ocrx_word' id='word_1_123' title='bbox 2111 983 2246 1032; x_wconf 76' lang='lat' dir='ltr'>trium-</span> 
     </span>
     <span class='ocr_line' id='line_1_21' title="bbox 601 1041 2249 1108; baseline 0.002 -18"><span class='ocrx_word' id='word_1_124' title='bbox 601 1043 688 1108; x_wconf 80' lang='lat' dir='ltr'>phu</span> <span class='ocrx_word' id='word_1_125' title='bbox 698 1063 740 1091; x_wconf 88' lang='lat' dir='ltr'>m</span> <span class='ocrx_word' id='word_1_126' title='bbox 761 1043 824 1091; x_wconf 86' lang='lat' dir='ltr'>vel</span> <span class='ocrx_word' id='word_1_127' title='bbox 843 1043 1045 1090; x_wconf 71' lang='lat' dir='ltr'>nonnihil</span> <span class='ocrx_word' id='word_1_128' title='bbox 1074 1048 1245 1106; x_wconf 78' lang='lat' dir='ltr'>reprimi</span> <span class='ocrx_word' id='word_1_129' title='bbox 1262 1043 1377 1106; x_wconf 79' lang='lat' dir='ltr'>polle</span> <span class='ocrx_word' id='word_1_130' title='bbox 1401 1041 1467 1090; x_wconf 85' lang='lat' dir='ltr'>vel</span> <span class='ocrx_word' id='word_1_131' title='bbox 1486 1047 1615 1106; x_wconf 83' lang='lat' dir='ltr'>carpi.</span> <span class='ocrx_word' id='word_1_132' title='bbox 1645 1044 1841 1090; x_wconf 71' lang='lat' dir='ltr'>Primum</span> <span class='ocrx_word' id='word_1_133' title='bbox 1860 1041 2029 1090; x_wconf 84' lang='lat' dir='ltr'>Sodales</span> <span class='ocrx_word' id='word_1_134' title='bbox 2047 1043 2138 1092; x_wconf 89' lang='lat' dir='ltr'>suos</span> <span class='ocrx_word' id='word_1_135' title='bbox 2157 1050 2249 1097; x_wconf 63' lang='lat' dir='ltr'>Par-2</span> 
     </span>
     <span class='ocr_line' id='line_1_22' title="bbox 601 1106 2247 1174; baseline 0.002 -18"><span class='ocrx_word' id='word_1_136' title='bbox 601 1109 770 1156; x_wconf 74' lang='lat' dir='ltr'>tlienios</span> <span class='ocrx_word' id='word_1_137' title='bbox 788 1109 905 1155; x_wconf 84' lang='lat' dir='ltr'>baud</span> <span class='ocrx_word' id='word_1_138' title='bbox 921 1107 1026 1173; x_wconf 67' lang='lat' dir='ltr'>aegre</span> <span class='ocrx_word' id='word_1_139' title='bbox 1045 1110 1233 1167; x_wconf 78' lang='lat' dir='ltr'>induxit,</span> <span class='ocrx_word' id='word_1_140' title='bbox 1247 1124 1292 1156; x_wconf 89' lang='lat' dir='ltr'>vt</span> <span class='ocrx_word' id='word_1_141' title='bbox 1311 1107 1448 1155; x_wconf 77' lang='lat' dir='ltr'>modo</span> <span class='ocrx_word' id='word_1_142' title='bbox 1466 1127 1536 1172; x_wconf 89' lang='lat' dir='ltr'>per</span> <span class='ocrx_word' id='word_1_143' title='bbox 1552 1109 1776 1156; x_wconf 84' lang='lat' dir='ltr'>interualla</span> <span class='ocrx_word' id='word_1_144' title='bbox 1795 1106 1968 1174; x_wconf 78' lang='lat' dir='ltr'>singuli,</span> <span class='ocrx_word' id='word_1_145' title='bbox 1984 1109 2120 1156; x_wconf 75' lang='lat' dir='ltr'>modo</span> <span class='ocrx_word' id='word_1_146' title='bbox 2134 1109 2247 1164; x_wconf 87' lang='lat' dir='ltr'>fimul</span> 
     </span>
     <span class='ocr_line' id='line_1_23' title="bbox 603 1173 2248 1239; baseline -0.001 -18"><span class='ocrx_word' id='word_1_147' title='bbox 603 1175 656 1221; x_wconf 82' lang='lat' dir='ltr'>ad</span> <span class='ocrx_word' id='word_1_148' title='bbox 681 1174 895 1238; x_wconf 88' lang='lat' dir='ltr'>templum</span> <span class='ocrx_word' id='word_1_149' title='bbox 915 1177 1191 1220; x_wconf 88' lang='lat' dir='ltr'>conuenirent</span> <span class='ocrx_word' id='word_1_150' title='bbox 1213 1173 1414 1222; x_wconf 82' lang='lat' dir='ltr'>vniuerfi.</span> <span class='ocrx_word' id='word_1_151' title='bbox 1460 1177 1523 1220; x_wconf 83' lang='lat' dir='ltr'>Hi</span> <span class='ocrx_word' id='word_1_152' title='bbox 1540 1175 1710 1239; x_wconf 82' lang='lat' dir='ltr'>aliquos</span> <span class='ocrx_word' id='word_1_153' title='bbox 1730 1175 1925 1239; x_wconf 72' lang='lat' dir='ltr'>praeterea</span> <span class='ocrx_word' id='word_1_154' title='bbox 1942 1179 2098 1239; x_wconf 86' lang='lat' dir='ltr'>partim</span> <span class='ocrx_word' id='word_1_155' title='bbox 2117 1194 2248 1227; x_wconf 85' lang='lat' dir='ltr'>exem-</span> 
     </span>
     <span class='ocr_line' id='line_1_24' title="bbox 602 1239 2249 1305; baseline 0.001 -18"><span class='ocrx_word' id='word_1_156' title='bbox 602 1239 787 1303; x_wconf 89' lang='lat' dir='ltr'>plo-suo,</span> <span class='ocrx_word' id='word_1_157' title='bbox 804 1242 960 1302; x_wconf 85' lang='lat' dir='ltr'>partim</span> <span class='ocrx_word' id='word_1_158' title='bbox 980 1239 1117 1287; x_wconf 85' lang='lat' dir='ltr'>verbis</span> <span class='ocrx_word' id='word_1_159' title='bbox 1136 1239 1362 1287; x_wconf 80' lang='lat' dir='ltr'><strong>adduxere:</strong></span> <span class='ocrx_word' id='word_1_160' title='bbox 1382 1240 1595 1303; x_wconf 85' lang='lat' dir='ltr'>quosdam</span> <span class='ocrx_word' id='word_1_161' title='bbox 1610 1244 1763 1288; x_wconf 82' lang='lat' dir='ltr'>exciuit</span> <span class='ocrx_word' id='word_1_162' title='bbox 1780 1245 1836 1287; x_wconf 88' lang='lat' dir='ltr'>rei</span> <span class='ocrx_word' id='word_1_163' title='bbox 1852 1245 2033 1298; x_wconf 76' lang='lat' dir='ltr'>nouitas3</span> <span class='ocrx_word' id='word_1_164' title='bbox 2052 1258 2145 1305; x_wconf 86' lang='lat' dir='ltr'>quae</span> <span class='ocrx_word' id='word_1_165' title='bbox 2160 1245 2249 1294; x_wconf 69' lang='lat' dir='ltr'>cum</span> 
     </span>
     <span class='ocr_line' id='line_1_25' title="bbox 601 1293 2256 1370; baseline 0 -19"><span class='ocrx_word' id='word_1_166' title='bbox 601 1323 691 1352; x_wconf 91' lang='lat' dir='ltr'>non</span> <span class='ocrx_word' id='word_1_167' title='bbox 708 1304 1263 1369; x_wconf 79' lang='lat' dir='ltr'>displiceret,curiositatem</span> <span class='ocrx_word' id='word_1_168' title='bbox 1290 1310 1416 1354; x_wconf 84' lang='lat' dir='ltr'>vertit</span> <span class='ocrx_word' id='word_1_169' title='bbox 1431 1310 1476 1352; x_wconf 87' lang='lat' dir='ltr'>in</span> <span class='ocrx_word' id='word_1_170' title='bbox 1503 1305 1758 1370; x_wconf 76' lang='lat' dir='ltr'>religionem</span> <span class='ocrx_word' id='word_1_171' title='bbox 1779 1325 1826 1354; x_wconf 84' lang='lat' dir='ltr'>ac</span> <span class='ocrx_word' id='word_1_172' title='bbox 1845 1311 2063 1370; x_wconf 86' lang='lat' dir='ltr'>pietatem.</span> <span class='ocrx_word' id='word_1_173' title='bbox 2252 1293 2256 1343; x_wconf 74' lang='lat' dir='ltr'>l</span> 
     </span>
     <span class='ocr_line' id='line_1_26' title="bbox 658 1346 2257 1437; baseline 0.003 -21"><span class='ocrx_word' id='word_1_174' title='bbox 658 1373 768 1433; x_wconf 12' lang='lat' dir='ltr'>,Nec</span> <span class='ocrx_word' id='word_1_175' title='bbox 788 1389 944 1435; x_wconf 88' lang='lat' dir='ltr'>parum</span> <span class='ocrx_word' id='word_1_176' title='bbox 972 1370 1155 1418; x_wconf 89' lang='lat' dir='ltr'>contulit</span> <span class='ocrx_word' id='word_1_177' title='bbox 1179 1371 1232 1419; x_wconf 85' lang='lat' dir='ltr'>ad</span> <span class='ocrx_word' id='word_1_178' title='bbox 1257 1371 1504 1419; x_wconf 82' lang='lat' dir='ltr'>excitandos</span> <span class='ocrx_word' id='word_1_179' title='bbox 1533 1376 1728 1432; x_wconf 83' lang='lat' dir='ltr'>animos,</span> <span class='ocrx_word' id='word_1_180' title='bbox 1748 1371 1986 1437; x_wconf 69' lang='lat' dir='ltr'>populicjue</span> <span class='ocrx_word' id='word_1_181' title='bbox 2008 1346 2257 1431; x_wconf 81' lang='lat' dir='ltr'>concursuml</span> 
     </span>
     <span class='ocr_line' id='line_1_27' title="bbox 603 1433 2258 1502; baseline 0.006 -21"><span class='ocrx_word' id='word_1_182' title='bbox 603 1437 930 1499; x_wconf 87' lang='lat' dir='ltr'>prouocandum</span> <span class='ocrx_word' id='word_1_183' title='bbox 946 1476 958 1497; x_wconf 91' lang='lat'>,</span> <span class='ocrx_word' id='word_1_184' title='bbox 982 1436 1302 1500; x_wconf 66' lang='lat' dir='ltr'>augustissimus</span> <span class='ocrx_word' id='word_1_185' title='bbox 1327 1436 1592 1501; x_wconf 87' lang='lat' dir='ltr'>templorum</span> <span class='ocrx_word' id='word_1_186' title='bbox 1622 1455 1796 1485; x_wconf 87' lang='lat' dir='ltr'>ornatus</span> <span class='ocrx_word' id='word_1_187' title='bbox 1815 1476 1828 1495; x_wconf 82' lang='grc'>,</span> <span class='ocrx_word' id='word_1_188' title='bbox 1859 1445 1902 1485; x_wconf 77' lang='grc' dir='ltr'>δε</span> <span class='ocrx_word' id='word_1_189' title='bbox 1921 1438 2099 1502; x_wconf 83' lang='lat' dir='ltr'>quidem</span> <span class='ocrx_word' id='word_1_190' title='bbox 2115 1433 2258 1498; x_wconf 79' lang='lat' dir='ltr'>multisl</span> 
     </span>
     <span class='ocr_line' id='line_1_28' title="bbox 604 1501 2258 1584; baseline 0.003 -38"><span class='ocrx_word' id='word_1_191' title='bbox 604 1506 649 1547; x_wconf 92' lang='lat' dir='ltr'>in</span> <span class='ocrx_word' id='word_1_192' title='bbox 666 1501 841 1551; x_wconf 87' lang='lat' dir='ltr'>vrbibus</span> <span class='ocrx_word' id='word_1_193' title='bbox 859 1518 948 1549; x_wconf 85' lang='lat' dir='ltr'>tam</span> <span class='ocrx_word' id='word_1_194' title='bbox 969 1501 1187 1550; x_wconf 81' lang='lat' dir='ltr'>inufitatus</span> <span class='ocrx_word' id='word_1_195' title='bbox 1202 1542 1214 1563; x_wconf 90' lang='lat'>,</span> <span class='ocrx_word' id='word_1_196' title='bbox 1241 1519 1288 1551; x_wconf 89' lang='lat' dir='ltr'>vt</span> <span class='ocrx_word' id='word_1_197' title='bbox 1315 1504 1427 1568; x_wconf 60' lang='lat' dir='ltr'>regia</span> <span class='ocrx_word' id='word_1_198' title='bbox 1455 1503 1675 1550; x_wconf 87' lang='lat' dir='ltr'>maiestate</span> <span class='ocrx_word' id='word_1_199' title='bbox 1698 1504 1854 1567; x_wconf 70' lang='lat' dir='ltr'>dignus</span> <span class='ocrx_word' id='word_1_200' title='bbox 1872 1503 2107 1552; x_wconf 83' lang='lat' dir='ltr'>haberetur.</span> <span class='ocrx_word' id='word_1_201' title='bbox 2156 1502 2258 1584; x_wconf 49' lang='lat' dir='ltr'>Vni-l</span> 
     </span>
     <span class='ocr_line' id='line_1_29' title="bbox 605 1567 2259 1634; baseline 0.004 -20"><span class='ocrx_word' id='word_1_202' title='bbox 605 1586 708 1615; x_wconf 90' lang='lat' dir='ltr'>cum</span> <span class='ocrx_word' id='word_1_203' title='bbox 726 1569 798 1616; x_wconf 62' lang='lat' dir='ltr'>hic</span> <span class='ocrx_word' id='word_1_204' title='bbox 820 1567 1057 1634; x_wconf 82' lang='lat' dir='ltr'>producam</span> <span class='ocrx_word' id='word_1_205' title='bbox 1085 1567 1333 1633; x_wconf 86' lang='lat' dir='ltr'>exemplum</span> <span class='ocrx_word' id='word_1_206' title='bbox 1360 1568 1695 1633; x_wconf 78' lang='lat' dir='ltr'>magnificentiae</span> <span class='ocrx_word' id='word_1_207' title='bbox 1725 1572 1937 1617; x_wconf 78' lang='lat' dir='ltr'>Romanae</span> <span class='ocrx_word' id='word_1_208' title='bbox 1959 1570 2166 1634; x_wconf 67' lang='lat' dir='ltr'>praesentis</span> <span class='ocrx_word' id='word_1_209' title='bbox 2189 1585 2259 1625; x_wconf 60' lang='lat' dir='ltr'>aii-l</span> 
     </span>
    </p>
   </div>
   <div class='ocr_carea' id='block_1_7' title="bbox 607 1628 2261 1864">
    <p class='ocr_par' dir='ltr' id='par_1_9' title="bbox 607 1628 2261 1864">
     <span class='ocr_line' id='line_1_30' title="bbox 607 1628 2261 1864; baseline 0.003 -184"><span class='ocrx_word' id='word_1_210' title='bbox 607 1638 653 1680; x_wconf 90' lang='lat' dir='ltr'>ni</span> <span class='ocrx_word' id='word_1_211' title='bbox 674 1645 802 1693; x_wconf 88' lang='lat'>1640.</span> <span class='ocrx_word' id='word_1_212' title='bbox 844 1638 984 1681; x_wconf 86' lang='lat' dir='ltr'>Certis</span> <span class='ocrx_word' id='word_1_213' title='bbox 1003 1638 1121 1682; x_wconf 84' lang='lat' dir='ltr'>enim</span> <span class='ocrx_word' id='word_1_214' title='bbox 1140 1638 1300 1682; x_wconf 87' lang='lat' dir='ltr'>nuntiis</span> <span class='ocrx_word' id='word_1_215' title='bbox 1325 1634 1381 1682; x_wconf 91' lang='lat' dir='ltr'>ad</span> <span class='ocrx_word' id='word_1_216' title='bbox 1403 1652 1483 1681; x_wconf 91' lang='lat' dir='ltr'>nos</span> <span class='ocrx_word' id='word_1_217' title='bbox 1510 1634 1721 1699; x_wconf 85' lang='lat' dir='ltr'>perlatum</span> <span class='ocrx_word' id='word_1_218' title='bbox 1742 1635 1819 1695; x_wconf 85' lang='lat' dir='ltr'>est,</span> <span class='ocrx_word' id='word_1_219' title='bbox 1833 1635 2002 1682; x_wconf 80' lang='lat' dir='ltr'>sodales</span> <span class='ocrx_word' id='word_1_220' title='bbox 2019 1628 2261 1864; x_wconf 46' lang='lat' dir='ltr'>Parthenios}</span> 
     </span>
    </p>
   </div>
   <div class='ocr_carea' id='block_1_8' title="bbox 2247 826 2252 956">
    <p class='ocr_par' dir='ltr' id='par_1_10' title="bbox 2247 826 2252 956">
     <span class='ocr_line' id='line_1_31' title="bbox 2247 826 2252 956; baseline 0 3057"><span class='ocrx_word' id='word_1_221' title='bbox 2247 826 2252 956; x_wconf 95' lang='lat' dir='ltr'> </span> 
     </span>
    </p>
   </div>
   <div class='ocr_carea' id='block_1_9' title="bbox 2248 958 2254 1103">
    <p class='ocr_par' dir='ltr' id='par_1_11' title="bbox 2248 958 2254 1103">
     <span class='ocr_line' id='line_1_32' title="bbox 2248 958 2254 1103; baseline 0 2910"><span class='ocrx_word' id='word_1_222' title='bbox 2248 958 2254 1103; x_wconf 95' lang='lat' dir='ltr'> </span> 
     </span>
    </p>
   </div>
   <div class='ocr_carea' id='block_1_10' title="bbox 2250 1107 2256 1292">
    <p class='ocr_par' dir='ltr' id='par_1_12' title="bbox 2250 1107 2256 1292">
     <span class='ocr_line' id='line_1_33' title="bbox 2250 1107 2256 1292; baseline 0 2721"><span class='ocrx_word' id='word_1_223' title='bbox 2250 1107 2256 1292; x_wconf 95' lang='lat' dir='ltr'> </span> 
     </span>
    </p>
   </div>
   <div class='ocr_carea' id='block_1_11' title="bbox 603 1699 2263 2056">
    <p class='ocr_par' dir='ltr' id='par_1_13' title="bbox 603 1699 2263 2056">
     <span class='ocr_line' id='line_1_34' title="bbox 603 1699 2254 1766; baseline 0.004 -21"><span class='ocrx_word' id='word_1_224' title='bbox 603 1703 818 1761; x_wconf 72' lang='lat' dir='ltr'>primariae</span> <span class='ocrx_word' id='word_1_225' title='bbox 848 1703 1213 1765; x_wconf 79' lang='lat' dir='ltr'>Congregationis</span> <span class='ocrx_word' id='word_1_226' title='bbox 1237 1699 1478 1764; x_wconf 76' lang='lat' dir='ltr'>Affumptae</span> <span class='ocrx_word' id='word_1_227' title='bbox 1502 1704 1721 1766; x_wconf 82' lang='lat' dir='ltr'>Virginis,</span> <span class='ocrx_word' id='word_1_228' title='bbox 1751 1717 1798 1748; x_wconf 88' lang='lat' dir='ltr'>vt</span> <span class='ocrx_word' id='word_1_229' title='bbox 1816 1701 1926 1749; x_wconf 89' lang='lat' dir='ltr'>feriis</span> <span class='ocrx_word' id='word_1_230' title='bbox 1960 1703 2254 1754; x_wconf 85' lang='lat' dir='ltr'>Antecinerali-</span> 
     </span>
     <span class='ocr_line' id='line_1_35' title="bbox 604 1763 2254 1831; baseline 0.003 -19"><span class='ocrx_word' id='word_1_231' title='bbox 604 1763 683 1812; x_wconf 89' lang='lat' dir='ltr'>bus</span> <span class='ocrx_word' id='word_1_232' title='bbox 702 1764 917 1830; x_wconf 87' lang='lat' dir='ltr'>populum</span> <span class='ocrx_word' id='word_1_233' title='bbox 934 1765 958 1813; x_wconf 63' lang='lat' dir='ltr'>a</span> <span class='ocrx_word' id='word_1_234' title='bbox 973 1765 1153 1830; x_wconf 61' lang='lat' dir='ltr'>profana</span> <span class='ocrx_word' id='word_1_235' title='bbox 1177 1764 1345 1813; x_wconf 59' lang='lat' dir='ltr'>licentia</span> <span class='ocrx_word' id='word_1_236' title='bbox 1369 1767 1422 1813; x_wconf 88' lang='lat' dir='ltr'>ad</span> <span class='ocrx_word' id='word_1_237' title='bbox 1445 1770 1644 1831; x_wconf 87' lang='lat' dir='ltr'>pietatem</span> <span class='ocrx_word' id='word_1_238' title='bbox 1664 1785 1711 1813; x_wconf 90' lang='lat' dir='ltr'>ac</span> <span class='ocrx_word' id='word_1_239' title='bbox 1726 1766 2008 1814; x_wconf 90' lang='lat' dir='ltr'>deuotionem</span> <span class='ocrx_word' id='word_1_240' title='bbox 2025 1785 2254 1828; x_wconf 81' lang='lat' dir='ltr'>auocarent,</span> 
     </span>
     <span class='ocr_line' id='line_1_36' title="bbox 603 1830 2263 2056; baseline 0.003 -179"><span class='ocrx_word' id='word_1_241' title='bbox 603 1849 766 1878; x_wconf 89' lang='lat' dir='ltr'>nouem</span> <span class='ocrx_word' id='word_1_242' title='bbox 787 1830 1052 1879; x_wconf 84' lang='lat' dir='ltr'>florenorum</span> <span class='ocrx_word' id='word_1_243' title='bbox 1070 1830 1208 1878; x_wconf 88' lang='lat' dir='ltr'>millia</span> <span class='ocrx_word' id='word_1_244' title='bbox 1233 1835 1277 1879; x_wconf 91' lang='lat' dir='ltr'>in</span> <span class='ocrx_word' id='word_1_245' title='bbox 1297 1848 1673 1896; x_wconf 83' lang='lat' dir='ltr'>extemporaneam</span> <span class='ocrx_word' id='word_1_246' title='bbox 1687 1831 1801 1879; x_wconf 88' lang='lat' dir='ltr'>illius</span> <span class='ocrx_word' id='word_1_247' title='bbox 1820 1832 1949 1880; x_wconf 88' lang='lat' dir='ltr'>tridui</span> <span class='ocrx_word' id='word_1_248' title='bbox 1970 1832 2263 2056; x_wconf 35' lang='lat' dir='ltr'>solennitatcngff</span> 
     </span>
    </p>
   </div>
   <div class='ocr_carea' id='block_1_12' title="bbox 594 1896 2257 1961">
    <p class='ocr_par' dir='ltr' id='par_1_14' title="bbox 594 1896 2257 1961">
     <span class='ocr_line' id='line_1_37' title="bbox 594 1896 2257 1961; baseline 0.004 -19"><span class='ocrx_word' id='word_1_249' title='bbox 594 1897 860 1961; x_wconf 14' lang='lat' dir='ltr'>,expendisse</span> <span class='ocrx_word' id='word_1_250' title='bbox 887 1898 1033 1944; x_wconf 89' lang='lat' dir='ltr'>Moles</span> <span class='ocrx_word' id='word_1_251' title='bbox 1052 1899 1189 1944; x_wconf 63' lang='lat' dir='ltr'>eredta</span> <span class='ocrx_word' id='word_1_252' title='bbox 1213 1898 1325 1945; x_wconf 89' lang='lat' dir='ltr'>stetit</span> <span class='ocrx_word' id='word_1_253' title='bbox 1346 1901 1388 1944; x_wconf 90' lang='lat' dir='ltr'>in</span> <span class='ocrx_word' id='word_1_254' title='bbox 1404 1897 1573 1961; x_wconf 91' lang='lat' dir='ltr'>templo</span> <span class='ocrx_word' id='word_1_255' title='bbox 1587 1896 1835 1946; x_wconf 75' lang='lat' dir='ltr'>Parnesiano</span> <span class='ocrx_word' id='word_1_256' title='bbox 1850 1902 2068 1946; x_wconf 86' lang='lat' dir='ltr'>Societatis</span> <span class='ocrx_word' id='word_1_257' title='bbox 2082 1902 2231 1960; x_wconf 71' lang='lat' dir='ltr'>IEsv‚a</span> <span class='ocrx_word' id='word_1_258' title='bbox 2256 1937 2257 1941; x_wconf 67' lang='lat'>,</span> 
     </span>
    </p>
   </div>
   <div class='ocr_carea' id='block_1_13' title="bbox 603 1960 2288 3249">
    <p class='ocr_par' dir='ltr' id='par_1_15' title="bbox 603 1960 2288 3249">
     <span class='ocr_line' id='line_1_38' title="bbox 604 1960 2256 2025; baseline 0.003 -16"><span class='ocrx_word' id='word_1_259' title='bbox 604 1960 914 2010; x_wconf 85' lang='lat' dir='ltr'>honorandum</span> <span class='ocrx_word' id='word_1_260' title='bbox 942 1962 1255 2010; x_wconf 59' lang='lat' dir='ltr'>sanetiffimum</span> <span class='ocrx_word' id='word_1_261' title='bbox 1273 1963 1546 2011; x_wconf 73' lang='lat' dir='ltr'>Eucliatistiae</span> <span class='ocrx_word' id='word_1_262' title='bbox 1565 1969 1898 2025; x_wconf 79' lang='lat' dir='ltr'>Sacramentum,</span> <span class='ocrx_word' id='word_1_263' title='bbox 1916 1963 2000 2011; x_wconf 87' lang='lat' dir='ltr'>alta</span> <span class='ocrx_word' id='word_1_264' title='bbox 2017 1982 2191 2024; x_wconf 14' lang='lat' dir='ltr'>centrum</span> <span class='ocrx_word' id='word_1_265' title='bbox 2202 1970 2256 2016; x_wconf 86' lang='lat' dir='ltr'>vi-</span> 
     </span>
     <span class='ocr_line' id='line_1_39' title="bbox 604 2027 2258 2095; baseline 0.004 -21"><span class='ocrx_word' id='word_1_266' title='bbox 604 2031 714 2090; x_wconf 77' lang='lat' dir='ltr'>ginti</span> <span class='ocrx_word' id='word_1_267' title='bbox 739 2027 922 2092; x_wconf 70' lang='lat' dir='ltr'>palium,</span> <span class='ocrx_word' id='word_1_268' title='bbox 941 2028 1024 2075; x_wconf 82' lang='lat' dir='ltr'>lata</span> <span class='ocrx_word' id='word_1_269' title='bbox 1038 2032 1279 2094; x_wconf 60' lang='lat' dir='ltr'>ootoginta,</span> <span class='ocrx_word' id='word_1_270' title='bbox 1301 2028 1598 2093; x_wconf 80' lang='lat' dir='ltr'>pulcherrimis</span> <span class='ocrx_word' id='word_1_271' title='bbox 1625 2031 1794 2087; x_wconf 82' lang='lat' dir='ltr'>statuis,</span> <span class='ocrx_word' id='word_1_272' title='bbox 1811 2030 2105 2095; x_wconf 75' lang='lat' dir='ltr'>imaginibus,</span> <span class='ocrx_word' id='word_1_273' title='bbox 2131 2031 2258 2080; x_wconf 82' lang='lat' dir='ltr'>histo-</span> 
     </span>
     <span class='ocr_line' id='line_1_40' title="bbox 604 2093 2257 2164; baseline 0.004 -24"><span class='ocrx_word' id='word_1_274' title='bbox 604 2097 692 2153; x_wconf 85' lang='lat' dir='ltr'>riis,</span> <span class='ocrx_word' id='word_1_275' title='bbox 709 2093 1062 2155; x_wconf 74' lang='lat' dir='ltr'>emblematibus,</span> <span class='ocrx_word' id='word_1_276' title='bbox 1081 2093 1135 2141; x_wconf 83' lang='lat' dir='ltr'>ad</span> <span class='ocrx_word' id='word_1_277' title='bbox 1152 2097 1369 2160; x_wconf 84' lang='lat' dir='ltr'>stuporem</span> <span class='ocrx_word' id='word_1_278' title='bbox 1387 2111 1610 2159; x_wconf 84' lang='lat' dir='ltr'>exornata:</span> <span class='ocrx_word' id='word_1_279' title='bbox 1631 2113 1726 2160; x_wconf 82' lang='lat' dir='ltr'>quae</span> <span class='ocrx_word' id='word_1_280' title='bbox 1743 2100 1895 2143; x_wconf 89' lang='lat' dir='ltr'>omnia</span> <span class='ocrx_word' id='word_1_281' title='bbox 1908 2095 2007 2143; x_wconf 77' lang='lat' dir='ltr'>cum</span> <span class='ocrx_word' id='word_1_282' title='bbox 2020 2096 2142 2161; x_wconf 84' lang='lat' dir='ltr'>supra</span> <span class='ocrx_word' id='word_1_283' title='bbox 2158 2116 2257 2164; x_wconf 86' lang='lat' dir='ltr'>qua-</span> 
     </span>
     <span class='ocr_line' id='line_1_41' title="bbox 605 2157 2258 2221; baseline 0.004 -16"><span class='ocrx_word' id='word_1_284' title='bbox 605 2173 705 2205; x_wconf 88' lang='lat' dir='ltr'>tuor</span> <span class='ocrx_word' id='word_1_285' title='bbox 723 2157 858 2206; x_wconf 84' lang='lat' dir='ltr'>millia</span> <span class='ocrx_word' id='word_1_286' title='bbox 873 2158 1157 2208; x_wconf 84' lang='lat' dir='ltr'>flammarum</span> <span class='ocrx_word' id='word_1_287' title='bbox 1178 2179 1226 2207; x_wconf 87' lang='lat' dir='ltr'>ac</span> <span class='ocrx_word' id='word_1_288' title='bbox 1242 2158 1463 2208; x_wconf 88' lang='lat' dir='ltr'>luminum</span> <span class='ocrx_word' id='word_1_289' title='bbox 1482 2159 1760 2221; x_wconf 83' lang='lat' dir='ltr'>illustrarent,</span> <span class='ocrx_word' id='word_1_290' title='bbox 1778 2160 1896 2209; x_wconf 88' lang='lat' dir='ltr'>nulla</span> <span class='ocrx_word' id='word_1_291' title='bbox 1919 2178 2065 2209; x_wconf 88' lang='lat' dir='ltr'>tamen</span> <span class='ocrx_word' id='word_1_292' title='bbox 2086 2161 2258 2211; x_wconf 83' lang='lat' dir='ltr'>flamma</span> 
     </span>
     <span class='ocr_line' id='line_1_42' title="bbox 604 2224 2259 2291; baseline 0.004 -21"><span class='ocrx_word' id='word_1_293' title='bbox 604 2227 650 2270; x_wconf 90' lang='lat' dir='ltr'>in</span> <span class='ocrx_word' id='word_1_294' title='bbox 678 2224 827 2273; x_wconf 89' lang='lat' dir='ltr'>oculos</span> <span class='ocrx_word' id='word_1_295' title='bbox 864 2225 1150 2290; x_wconf 64' lang='lat' dir='ltr'>spe&amp;aiitiiiin</span> <span class='ocrx_word' id='word_1_296' title='bbox 1186 2225 1439 2274; x_wconf 76' lang='lat' dir='ltr'>incurrebat.</span> <span class='ocrx_word' id='word_1_297' title='bbox 1493 2228 1582 2273; x_wconf 66' lang='lat' dir='ltr'>Hic</span> <span class='ocrx_word' id='word_1_298' title='bbox 1605 2244 1663 2274; x_wconf 86' lang='lat' dir='ltr'>res</span> <span class='ocrx_word' id='word_1_299' title='bbox 1690 2227 1838 2274; x_wconf 85' lang='lat' dir='ltr'>diuina</span> <span class='ocrx_word' id='word_1_300' title='bbox 1866 2230 2036 2291; x_wconf 63' lang='lat' dir='ltr'>peraeta</span> <span class='ocrx_word' id='word_1_301' title='bbox 2063 2228 2123 2276; x_wconf 89' lang='lat' dir='ltr'>est</span> <span class='ocrx_word' id='word_1_302' title='bbox 2152 2228 2259 2277; x_wconf 59' lang='lat' dir='ltr'>tanta*</span> 
     </span>
     <span class='ocr_line' id='line_1_43' title="bbox 603 2290 2260 2354; baseline 0.004 -18"><span class='ocrx_word' id='word_1_303' title='bbox 603 2308 708 2354; x_wconf 89' lang='lat' dir='ltr'>pom</span> <span class='ocrx_word' id='word_1_304' title='bbox 717 2291 792 2354; x_wconf 64' lang='lat' dir='ltr'>pa,</span> <span class='ocrx_word' id='word_1_305' title='bbox 820 2299 864 2338; x_wconf 61' lang='grc' dir='ltr'>δέ</span> <span class='ocrx_word' id='word_1_306' title='bbox 882 2308 970 2339; x_wconf 83' lang='lat' dir='ltr'>tam</span> <span class='ocrx_word' id='word_1_307' title='bbox 996 2291 1114 2339; x_wconf 86' lang='lat' dir='ltr'>suaui</span> <span class='ocrx_word' id='word_1_308' title='bbox 1133 2290 1468 2339; x_wconf 87' lang='lat' dir='ltr'>Pontificiorum</span> <span class='ocrx_word' id='word_1_309' title='bbox 1490 2292 1703 2340; x_wconf 88' lang='lat' dir='ltr'>muficoru</span> <span class='ocrx_word' id='word_1_310' title='bbox 1712 2311 1755 2340; x_wconf 93' lang='lat' dir='ltr'>m</span> <span class='ocrx_word' id='word_1_311' title='bbox 1771 2310 1979 2340; x_wconf 84' lang='lat' dir='ltr'>concentu</span> <span class='ocrx_word' id='word_1_312' title='bbox 1992 2334 2003 2353; x_wconf 93' lang='lat'>,</span> <span class='ocrx_word' id='word_1_313' title='bbox 2024 2310 2069 2341; x_wconf 93' lang='lat' dir='ltr'>vt</span> <span class='ocrx_word' id='word_1_314' title='bbox 2083 2294 2136 2341; x_wconf 90' lang='lat' dir='ltr'>ad</span> <span class='ocrx_word' id='word_1_315' title='bbox 2152 2293 2260 2342; x_wconf 90' lang='lat' dir='ltr'>suin-</span> 
     </span>
     <span class='ocr_line' id='line_1_44' title="bbox 604 2357 2259 2423; baseline 0.004 -21"><span class='ocrx_word' id='word_1_316' title='bbox 604 2374 725 2403; x_wconf 83' lang='lat' dir='ltr'>mam</span> <span class='ocrx_word' id='word_1_317' title='bbox 743 2375 836 2420; x_wconf 84' lang='lat' dir='ltr'>quae</span> <span class='ocrx_word' id='word_1_318' title='bbox 859 2361 903 2404; x_wconf 89' lang='lat' dir='ltr'>in</span> <span class='ocrx_word' id='word_1_319' title='bbox 932 2362 1045 2406; x_wconf 90' lang='lat' dir='ltr'>terris</span> <span class='ocrx_word' id='word_1_320' title='bbox 1074 2357 1152 2405; x_wconf 79' lang='lat' dir='ltr'>effe</span> <span class='ocrx_word' id='word_1_321' title='bbox 1177 2357 1319 2421; x_wconf 88' lang='lat' dir='ltr'>potest</span> <span class='ocrx_word' id='word_1_322' title='bbox 1342 2358 1610 2407; x_wconf 89' lang='lat' dir='ltr'>maiestatem</span> <span class='ocrx_word' id='word_1_323' title='bbox 1640 2357 1750 2405; x_wconf 83' lang='lat' dir='ltr'>nihil</span> <span class='ocrx_word' id='word_1_324' title='bbox 1775 2375 1922 2422; x_wconf 82' lang='lat' dir='ltr'>praeter</span> <span class='ocrx_word' id='word_1_325' title='bbox 1948 2357 2075 2423; x_wconf 87' lang='lat' dir='ltr'>ipfius</span> <span class='ocrx_word' id='word_1_326' title='bbox 2095 2363 2259 2408; x_wconf 89' lang='lat' dir='ltr'>Summi</span> 
     </span>
     <span class='ocr_line' id='line_1_45' title="bbox 607 2422 2260 2488; baseline 0.002 -19"><span class='ocrx_word' id='word_1_327' title='bbox 607 2422 832 2470; x_wconf 87' lang='lat' dir='ltr'>Pontificis</span> <span class='ocrx_word' id='word_1_328' title='bbox 862 2423 1123 2487; x_wconf 80' lang='lat' dir='ltr'>praesentiam</span> <span class='ocrx_word' id='word_1_329' title='bbox 1148 2427 1438 2488; x_wconf 86' lang='lat' dir='ltr'>requireretur.</span> <span class='ocrx_word' id='word_1_330' title='bbox 1477 2428 1592 2471; x_wconf 90' lang='lat' dir='ltr'>Rem</span> <span class='ocrx_word' id='word_1_331' title='bbox 1619 2424 1815 2471; x_wconf 89' lang='lat' dir='ltr'>diuinam</span> <span class='ocrx_word' id='word_1_332' title='bbox 1834 2422 2015 2472; x_wconf 86' lang='lat' dir='ltr'>faciebat</span> <span class='ocrx_word' id='word_1_333' title='bbox 2041 2424 2260 2473; x_wconf 81' lang='lat' dir='ltr'>Illustriffi-</span> 
     </span>
     <span class='ocr_line' id='line_1_46' title="bbox 606 2488 2260 2555; baseline 0.002 -21"><span class='ocrx_word' id='word_1_334' title='bbox 606 2506 702 2535; x_wconf 88' lang='lat' dir='ltr'>mus</span> <span class='ocrx_word' id='word_1_335' title='bbox 727 2507 775 2535; x_wconf 89' lang='lat' dir='ltr'>ac</span> <span class='ocrx_word' id='word_1_336' title='bbox 801 2488 1193 2536; x_wconf 85' lang='lat' dir='ltr'>Reuerendissimus</span> <span class='ocrx_word' id='word_1_337' title='bbox 1219 2492 1443 2536; x_wconf 77' lang='lat' dir='ltr'>Dominus</span> <span class='ocrx_word' id='word_1_338' title='bbox 1471 2489 1722 2553; x_wconf 80' lang='lat' dir='ltr'>Alplionsus</span> <span class='ocrx_word' id='word_1_339' title='bbox 1751 2491 2260 2555; x_wconf 76' lang='lat' dir='ltr'>GonzagaAtchiepisco-</span> 
     </span>
     <span class='ocr_line' id='line_1_47' title="bbox 605 2553 2288 2633; baseline 0.002 -33"><span class='ocrx_word' id='word_1_340' title='bbox 605 2571 682 2616; x_wconf 89' lang='lat' dir='ltr'>pus</span> <span class='ocrx_word' id='word_1_341' title='bbox 705 2553 968 2602; x_wconf 84' lang='lat' dir='ltr'>Rhodiensis</span> <span class='ocrx_word' id='word_1_342' title='bbox 986 2575 994 2601; x_wconf 92' lang='lat'><strong>:</strong></span> <span class='ocrx_word' id='word_1_343' title='bbox 1022 2559 1245 2602; x_wconf 81' lang='lat' dir='ltr'>intererant</span> <span class='ocrx_word' id='word_1_344' title='bbox 1263 2555 1603 2603; x_wconf 86' lang='lat' dir='ltr'>Eminentiffimi</span> <span class='ocrx_word' id='word_1_345' title='bbox 1621 2554 1873 2602; x_wconf 84' lang='lat' dir='ltr'>Cardinales</span> <span class='ocrx_word' id='word_1_346' title='bbox 1891 2574 2072 2604; x_wconf 86' lang='lat' dir='ltr'>numero</span> <span class='ocrx_word' id='word_1_347' title='bbox 2087 2557 2267 2633; x_wconf 78' lang='lat' dir='ltr'>septeni·-¹</span> <span class='ocrx_word' id='word_1_348' title='bbox 2285 2613 2288 2614; x_wconf 19' lang='lat'><em>⁷</em></span> 
     </span>
     <span class='ocr_line' id='line_1_48' title="bbox 606 2618 2262 2686; baseline 0.003 -22"><span class='ocrx_word' id='word_1_349' title='bbox 606 2618 767 2680; x_wconf 82' lang='lat' dir='ltr'>decim,</span> <span class='ocrx_word' id='word_1_350' title='bbox 782 2620 1019 2685; x_wconf 64' lang='lat' dir='ltr'>omnesc&#39;lue</span> <span class='ocrx_word' id='word_1_351' title='bbox 1031 2620 1356 2685; x_wconf 85' lang='lat' dir='ltr'>propemodum</span> <span class='ocrx_word' id='word_1_352' title='bbox 1378 2624 1594 2670; x_wconf 65' lang='lat' dir='ltr'>Romanae</span> <span class='ocrx_word' id='word_1_353' title='bbox 1609 2624 1753 2667; x_wconf 68' lang='lat' dir='ltr'>Curiae</span> <span class='ocrx_word' id='word_1_354' title='bbox 1768 2620 1943 2668; x_wconf 75' lang='lat' dir='ltr'>Praelati.</span> <span class='ocrx_word' id='word_1_355' title='bbox 1953 2627 2168 2686; x_wconf 84' lang='lat' dir='ltr'>Qorum</span> <span class='ocrx_word' id='word_1_356' title='bbox 2182 2625 2262 2685; x_wconf 82' lang='lat' dir='ltr'>pie-</span> 
     </span>
     <span class='ocr_line' id='line_1_49' title="bbox 607 2685 2262 2752; baseline 0.003 -22"><span class='ocrx_word' id='word_1_357' title='bbox 607 2699 689 2730; x_wconf 87' lang='lat' dir='ltr'>tate</span> <span class='ocrx_word' id='word_1_358' title='bbox 705 2689 869 2733; x_wconf 80' lang='lat' dir='ltr'>excitati</span> <span class='ocrx_word' id='word_1_359' title='bbox 888 2685 1068 2733; x_wconf 87' lang='lat' dir='ltr'>subinde</span> <span class='ocrx_word' id='word_1_360' title='bbox 1084 2686 1174 2748; x_wconf 84' lang='lat' dir='ltr'>alij,</span> <span class='ocrx_word' id='word_1_361' title='bbox 1194 2702 1286 2734; x_wconf 89' lang='lat' dir='ltr'>toto</span> <span class='ocrx_word' id='word_1_362' title='bbox 1310 2687 1452 2734; x_wconf 88' lang='lat' dir='ltr'>triduo</span> <span class='ocrx_word' id='word_1_363' title='bbox 1470 2686 1799 2752; x_wconf 88' lang='lat' dir='ltr'>superuenerunt</span> <span class='ocrx_word' id='word_1_364' title='bbox 1811 2686 2145 2735; x_wconf 80' lang='lat' dir='ltr'>Eminentissimi</span> <span class='ocrx_word' id='word_1_365' title='bbox 2160 2690 2262 2735; x_wconf 87' lang='lat' dir='ltr'>Car-</span> 
     </span>
     <span class='ocr_line' id='line_1_50' title="bbox 608 2748 2262 2818; baseline 0.003 -23"><span class='ocrx_word' id='word_1_366' title='bbox 608 2748 771 2797; x_wconf 81' lang='lat' dir='ltr'>dinales</span> <span class='ocrx_word' id='word_1_367' title='bbox 784 2755 977 2816; x_wconf 80' lang='lat' dir='ltr'>quinque</span> <span class='ocrx_word' id='word_1_368' title='bbox 1001 2790 1015 2809; x_wconf 83' lang='lat'>‚</span> <span class='ocrx_word' id='word_1_369' title='bbox 1053 2752 1311 2816; x_wconf 73' lang='lat' dir='ltr'>Regumq&#39;ue</span> <span class='ocrx_word' id='word_1_370' title='bbox 1328 2758 1534 2800; x_wconf 88' lang='lat' dir='ltr'>omnium</span> <span class='ocrx_word' id='word_1_371' title='bbox 1552 2771 1600 2799; x_wconf 88' lang='lat' dir='ltr'>ac</span> <span class='ocrx_word' id='word_1_372' title='bbox 1618 2755 1871 2818; x_wconf 87' lang='lat' dir='ltr'>Principum</span> <span class='ocrx_word' id='word_1_373' title='bbox 1889 2757 2112 2802; x_wconf 86' lang='lat' dir='ltr'>Oratores:</span> <span class='ocrx_word' id='word_1_374' title='bbox 2137 2750 2262 2801; x_wconf 88' lang='lat' dir='ltr'>acces-</span> 
     </span>
     <span class='ocr_line' id='line_1_51' title="bbox 608 2813 2269 2895; baseline 0.003 -35"><span class='ocrx_word' id='word_1_375' title='bbox 608 2813 748 2862; x_wconf 84' lang='lat' dir='ltr'>serunt</span> <span class='ocrx_word' id='word_1_376' title='bbox 767 2816 963 2878; x_wconf 72' lang='lat' dir='ltr'>praeterea</span> <span class='ocrx_word' id='word_1_377' title='bbox 987 2816 1318 2882; x_wconf 82' lang='lat' dir='ltr'>supplicabundi</span> <span class='ocrx_word' id='word_1_378' title='bbox 1347 2822 1450 2880; x_wconf 87' lang='lat' dir='ltr'>varij</span> <span class='ocrx_word' id='word_1_379' title='bbox 1472 2816 1791 2882; x_wconf 77' lang='lat' dir='ltr'>Religiosorum</span> <span class='ocrx_word' id='word_1_380' title='bbox 1809 2819 2019 2879; x_wconf 86' lang='lat' dir='ltr'>Ordines,</span> <span class='ocrx_word' id='word_1_381' title='bbox 2035 2817 2269 2895; x_wconf 54' lang='lat' dir='ltr'>omnesduej</span> 
     </span>
     <span class='ocr_line' id='line_1_52' title="bbox 608 2880 2269 2957; baseline 0.002 -30"><span class='ocrx_word' id='word_1_382' title='bbox 608 2883 738 2927; x_wconf 89' lang='lat' dir='ltr'>totius</span> <span class='ocrx_word' id='word_1_383' title='bbox 766 2880 919 2940; x_wconf 87' lang='lat' dir='ltr'>Vrbis,</span> <span class='ocrx_word' id='word_1_384' title='bbox 946 2901 1050 2947; x_wconf 88' lang='lat' dir='ltr'>quas</span> <span class='ocrx_word' id='word_1_385' title='bbox 1074 2900 1248 2943; x_wconf 87' lang='lat' dir='ltr'>vocant,</span> <span class='ocrx_word' id='word_1_386' title='bbox 1267 2884 1788 2932; x_wconf 82' lang='lat' dir='ltr'>Archiconfraternitates.</span> <span class='ocrx_word' id='word_1_387' title='bbox 1829 2888 2032 2950; x_wconf 88' lang='lat' dir='ltr'>Denique</span> <span class='ocrx_word' id='word_1_388' title='bbox 2055 2901 2171 2932; x_wconf 88' lang='lat' dir='ltr'>tanta</span> <span class='ocrx_word' id='word_1_389' title='bbox 2187 2885 2269 2957; x_wconf 50' lang='lat' dir='ltr'>fuiti</span> 
     </span>
     <span class='ocr_line' id='line_1_53' title="bbox 610 2946 2269 3023; baseline 0.004 -32"><span class='ocrx_word' id='word_1_390' title='bbox 610 2960 706 2991; x_wconf 91' lang='lat' dir='ltr'>toto</span> <span class='ocrx_word' id='word_1_391' title='bbox 733 2946 809 2993; x_wconf 88' lang='lat' dir='ltr'>illo</span> <span class='ocrx_word' id='word_1_392' title='bbox 832 2947 979 2995; x_wconf 84' lang='lat' dir='ltr'>triduo</span> <span class='ocrx_word' id='word_1_393' title='bbox 999 2950 1251 3013; x_wconf 66' lang='lat' dir='ltr'>promiscuae</span> <span class='ocrx_word' id='word_1_394' title='bbox 1269 2949 1558 2998; x_wconf 88' lang='lat' dir='ltr'>multitudinis</span> <span class='ocrx_word' id='word_1_395' title='bbox 1579 2949 1632 2997; x_wconf 90' lang='lat' dir='ltr'>ad</span> <span class='ocrx_word' id='word_1_396' title='bbox 1659 2949 1921 2998; x_wconf 68' lang='lat' dir='ltr'>sacrosansta</span> <span class='ocrx_word' id='word_1_397' title='bbox 1949 2950 2150 3016; x_wconf 86' lang='lat' dir='ltr'>mysteria</span> <span class='ocrx_word' id='word_1_398' title='bbox 2166 2961 2269 3023; x_wconf 59' lang='lat' dir='ltr'>con-3</span> 
     </span>
     <span class='ocr_line' id='line_1_54' title="bbox 608 3008 2270 3249; baseline 0.003 -192"><span class='ocrx_word' id='word_1_399' title='bbox 608 3008 764 3072; x_wconf 85' lang='lat' dir='ltr'>cursus,</span> <span class='ocrx_word' id='word_1_400' title='bbox 777 3028 824 3060; x_wconf 89' lang='lat' dir='ltr'>vt</span> <span class='ocrx_word' id='word_1_401' title='bbox 840 3030 930 3059; x_wconf 91' lang='lat' dir='ltr'>non</span> <span class='ocrx_word' id='word_1_402' title='bbox 949 3015 1125 3078; x_wconf 85' lang='lat' dir='ltr'>profana</span> <span class='ocrx_word' id='word_1_403' title='bbox 1138 3015 1437 3076; x_wconf 86' lang='lat' dir='ltr'>Bacchanalia,</span> <span class='ocrx_word' id='word_1_404' title='bbox 1451 3015 1518 3063; x_wconf 92' lang='lat' dir='ltr'>sed</span> <span class='ocrx_word' id='word_1_405' title='bbox 1531 3014 1701 3065; x_wconf 86' lang='lat' dir='ltr'>caelestis</span> <span class='ocrx_word' id='word_1_406' title='bbox 1719 3020 1862 3063; x_wconf 80' lang='lat' dir='ltr'>Curiae</span> <span class='ocrx_word' id='word_1_407' title='bbox 1873 3016 2052 3081; x_wconf 89' lang='lat' dir='ltr'>epulum</span> <span class='ocrx_word' id='word_1_408' title='bbox 2069 3014 2270 3249; x_wconf 52' lang='lat' dir='ltr'>celebrat]</span> 
     </span>
    </p>
   </div>
   <div class='ocr_carea' id='block_1_14' title="bbox 2263 2636 2268 2831">
    <p class='ocr_par' dir='ltr' id='par_1_16' title="bbox 2263 2636 2268 2831">
     <span class='ocr_line' id='line_1_55' title="bbox 2263 2636 2268 2831; baseline 0 1182"><span class='ocrx_word' id='word_1_409' title='bbox 2263 2636 2268 2831; x_wconf 95' lang='lat' dir='ltr'> </span> 
     </span>
    </p>
   </div>
   <div class='ocr_carea' id='block_1_15' title="bbox 609 3076 833 3126">
    <p class='ocr_par' dir='ltr' id='par_1_17' title="bbox 609 3076 833 3126">
     <span class='ocr_line' id='line_1_56' title="bbox 609 3076 833 3126; baseline 0.009 -4"><span class='ocrx_word' id='word_1_410' title='bbox 609 3076 833 3126; x_wconf 85' lang='lat' dir='ltr'>videretur.</span> 
     </span>
    </p>
   </div>
   <div class='ocr_carea' id='block_1_16' title="bbox 610 3141 2271 3537">
    <p class='ocr_par' dir='ltr' id='par_1_18' title="bbox 610 3141 2271 3481">
     <span class='ocr_line' id='line_1_57' title="bbox 679 3141 2243 3196; baseline 0.004 -9"><span class='ocrx_word' id='word_1_411' title='bbox 679 3141 927 3191; x_wconf 68' lang='lat' dir='ltr'>Delec‘tatus</span> <span class='ocrx_word' id='word_1_412' title='bbox 959 3143 1212 3192; x_wconf 84' lang='lat' dir='ltr'>huiusmodi</span> <span class='ocrx_word' id='word_1_413' title='bbox 1240 3149 1456 3193; x_wconf 85' lang='lat' dir='ltr'>Societatis</span> <span class='ocrx_word' id='word_1_414' title='bbox 1484 3145 1666 3194; x_wconf 59' lang='lat' dir='ltr'>sollertia</span> <span class='ocrx_word' id='word_1_415' title='bbox 1690 3150 1896 3196; x_wconf 89' lang='lat' dir='ltr'>Summus</span> <span class='ocrx_word' id='word_1_416' title='bbox 1933 3145 2129 3194; x_wconf 84' lang='lat' dir='ltr'>Pontifex</span> <span class='ocrx_word' id='word_1_417' title='bbox 2158 3149 2243 3194; x_wconf 83' lang='lat' dir='ltr'>Pau</span> 
     </span>
     <span class='ocr_line' id='line_1_58' title="bbox 618 3204 2270 3278; baseline 0.004 -25"><span class='ocrx_word' id='word_1_418' title='bbox 618 3204 684 3254; x_wconf 89' lang='lat' dir='ltr'>lus</span> <span class='ocrx_word' id='word_1_419' title='bbox 716 3211 773 3255; x_wconf 91' lang='lat' dir='ltr'>V.</span> <span class='ocrx_word' id='word_1_420' title='bbox 815 3213 971 3273; x_wconf 88' lang='lat' dir='ltr'>petenti</span> <span class='ocrx_word' id='word_1_421' title='bbox 1003 3226 1101 3257; x_wconf 85' lang='lat' dir='ltr'>ante</span> <span class='ocrx_word' id='word_1_422' title='bbox 1129 3211 1289 3257; x_wconf 91' lang='lat' dir='ltr'>multos</span> <span class='ocrx_word' id='word_1_423' title='bbox 1318 3229 1454 3258; x_wconf 87' lang='lat' dir='ltr'>annos</span> <span class='ocrx_word' id='word_1_424' title='bbox 1483 3211 1851 3260; x_wconf 89' lang='lat' dir='ltr'>condonationem</span> <span class='ocrx_word' id='word_1_425' title='bbox 1880 3216 2090 3278; x_wconf 81' lang='lat' dir='ltr'>integram</span> <span class='ocrx_word' id='word_1_426' title='bbox 2117 3229 2270 3275; x_wconf 73' lang='lat' dir='ltr'>poena-,</span> 
     </span>
     <span class='ocr_line' id='line_1_59' title="bbox 612 3267 2271 3353; baseline 0.002 -34"><span class='ocrx_word' id='word_1_427' title='bbox 612 3290 709 3321; x_wconf 86' lang='lat' dir='ltr'>rum</span> <span class='ocrx_word' id='word_1_428' title='bbox 739 3274 947 3323; x_wconf 86' lang='lat' dir='ltr'>omnibus</span> <span class='ocrx_word' id='word_1_429' title='bbox 972 3279 1047 3340; x_wconf 85' lang='lat' dir='ltr'>qui</span> <span class='ocrx_word' id='word_1_430' title='bbox 1075 3274 1152 3323; x_wconf 92' lang='lat' dir='ltr'>illo</span> <span class='ocrx_word' id='word_1_431' title='bbox 1181 3275 1325 3323; x_wconf 84' lang='lat' dir='ltr'>triduo</span> <span class='ocrx_word' id='word_1_432' title='bbox 1353 3280 1397 3323; x_wconf 91' lang='lat' dir='ltr'>in</span> <span class='ocrx_word' id='word_1_433' title='bbox 1418 3281 1637 3325; x_wconf 86' lang='lat' dir='ltr'>Societatis</span> <span class='ocrx_word' id='word_1_434' title='bbox 1664 3277 1835 3342; x_wconf 87' lang='lat' dir='ltr'>templis</span> <span class='ocrx_word' id='word_1_435' title='bbox 1858 3279 1912 3326; x_wconf 87' lang='lat' dir='ltr'>ad</span> <span class='ocrx_word' id='word_1_436' title='bbox 1936 3278 2128 3326; x_wconf 88' lang='lat' dir='ltr'>mensam</span> <span class='ocrx_word' id='word_1_437' title='bbox 2156 3267 2271 3353; x_wconf 62' lang='lat' dir='ltr'>diui-l</span> 
     </span>
     <span class='ocr_line' id='line_1_60' title="bbox 610 3340 2271 3406; baseline 0.004 -23"><span class='ocrx_word' id='word_1_438' title='bbox 610 3355 715 3386; x_wconf 87' lang='lat' dir='ltr'>nam</span> <span class='ocrx_word' id='word_1_439' title='bbox 742 3340 1010 3400; x_wconf 81' lang='lat' dir='ltr'>accederent,</span> <span class='ocrx_word' id='word_1_440' title='bbox 1038 3340 1298 3406; x_wconf 70' lang='lat' dir='ltr'>perbenigne</span> <span class='ocrx_word' id='word_1_441' title='bbox 1324 3360 1418 3388; x_wconf 88' lang='lat' dir='ltr'>eam</span> <span class='ocrx_word' id='word_1_442' title='bbox 1448 3341 1660 3391; x_wconf 79' lang='lat' dir='ltr'>conceffit.</span> <span class='ocrx_word' id='word_1_443' title='bbox 1692 3345 1814 3392; x_wconf 90' lang='lat' dir='ltr'>Tum</span> <span class='ocrx_word' id='word_1_444' title='bbox 1839 3343 1939 3393; x_wconf 79' lang='lat' dir='ltr'>vero</span> <span class='ocrx_word' id='word_1_445' title='bbox 1969 3347 2154 3391; x_wconf 87' lang='lat' dir='ltr'>Societas</span> <span class='ocrx_word' id='word_1_446' title='bbox 2181 3343 2271 3395; x_wconf 60' lang='lat' dir='ltr'>hoc}</span> 
     </span>
     <span class='ocr_line' id='line_1_61' title="bbox 612 3397 2271 3481; baseline 0.003 -31"><span class='ocrx_word' id='word_1_447' title='bbox 612 3419 701 3452; x_wconf 84' lang='lat' dir='ltr'>tam</span> <span class='ocrx_word' id='word_1_448' title='bbox 719 3409 882 3471; x_wconf 75' lang='lat' dir='ltr'>ingenti</span> <span class='ocrx_word' id='word_1_449' title='bbox 905 3407 1126 3456; x_wconf 83' lang='lat' dir='ltr'>industriae</span> <span class='ocrx_word' id='word_1_450' title='bbox 1142 3407 1225 3457; x_wconf 82' lang='lat' dir='ltr'>sua:</span> <span class='ocrx_word' id='word_1_451' title='bbox 1250 3406 1413 3455; x_wconf 83' lang='lat' dir='ltr'>auxilio</span> <span class='ocrx_word' id='word_1_452' title='bbox 1436 3408 1567 3466; x_wconf 84' lang='lat' dir='ltr'>freta,</span> <span class='ocrx_word' id='word_1_453' title='bbox 1596 3409 1754 3473; x_wconf 82' lang='lat' dir='ltr'>sperare</span> <span class='ocrx_word' id='word_1_454' title='bbox 1777 3414 1909 3475; x_wconf 84' lang='lat' dir='ltr'>coepit</span> <span class='ocrx_word' id='word_1_455' title='bbox 1926 3409 2046 3475; x_wconf 89' lang='lat' dir='ltr'>quod</span> <span class='ocrx_word' id='word_1_456' title='bbox 2062 3397 2271 3481; x_wconf 63' lang='lat' dir='ltr'>haetenus}</span> 
     </span>
    </p>

    <p class='ocr_par' dir='ltr' id='par_1_19' title="bbox 2092 3487 2271 3537">
     <span class='ocr_line' id='line_1_62' title="bbox 2092 3487 2271 3537; baseline -0.011 -16"><span class='ocrx_word' id='word_1_457' title='bbox 2092 3487 2271 3537; x_wconf 66' lang='lat' dir='ltr'>optaue-q&#39;</span> 
     </span>
    </p>
   </div>
   <div class='ocr_carea' id='block_1_17' title="bbox 2268 3574 2272 3740">
    <p class='ocr_par' dir='ltr' id='par_1_20' title="bbox 2268 3574 2272 3740">
     <span class='ocr_line' id='line_1_63' title="bbox 2268 3574 2271 3628; baseline 0 0"><span class='ocrx_word' id='word_1_458' title='bbox 2268 3574 2271 3628; x_wconf 79' lang='grc' dir='ltr'>Ι</span> 
     </span>
     <span class='ocr_line' id='line_1_64' title="bbox 2270 3688 2272 3740; baseline 0 0"><span class='ocrx_word' id='word_1_459' title='bbox 2270 3688 2272 3740; x_wconf 77' lang='lat' dir='ltr'>l</span> 
     </span>
    </p>
   </div>
  </div>
 </body>
</html>
