2321 4013
0 2351 8 2361 ι
0 2214 14 2247 2„

263 289 424 332 LIBER
454 287 674 331 SEXTVS.
726 284 1000 332 soem-'As
1048 269 1614 338 FLANDR'o-BELOECA.
1707 296 1806 344 801

154 382 243 429 quo
258 365 370 412 rest&
384 365 616 427 institutus,
630 365 840 415 damnato
857 364 1048 415 Caluino
1062 407 1076 429 ,
1091 373 1313 433 geminam
1331 369 1552 419 sanitatem
1567 377 1702 422 animi
1715 396 1809 426 cor-

153 429 349 495 poriscjue
364 430 503 478 retulit
517 471 529 492 ‚
546 451 637 479 non
653 430 739 479 fine
755 432 1035 481 Medicorum
1059 434 1229 500 stupore
1248 457 1259 483 ε
1298 455 1407 502 quos
1432 437 1543 503 ipsos
1570 439 1702 488 sanari
1722 448 1812 490 ani-

151 500 252 556 mis,
270 505 315 543 δε
342 494 548 562 amplecti
572 497 717 545 Fidem
731 498 804 546 tali
832 498 1025 546 testatam
1043 501 1245 566 prodigio
1275 501 1450 552 decebat
1468 541 1477 550 .
1517 505 1597 552 Sed
1613 507 1719 571 quid
1733 527 1814 574 ego

153 558 385 625 singularia
401 563 623 627 persequor
634 603 648 624 ,
663 563 763 611 cum
778 563 934 629 possim
945 564 1078 614 verbo
1092 566 1242 629 dicere,
1260 572 1303 615 in
1317 587 1451 618 annos
1467 569 1528 619 fin
1533 570 1657 636 gulos
1671 578 1813 622 octin-

153 643 281 690 genta
293 631 432 693 capita
448 646 518 693 per
536 647 614 676 nos
635 630 786 677 nostris
801 630 979 694 adiungi
997 635 1126 679 Sacris
1146 643 1159 678 ἓ
1177 638 1283 697 quin
1298 634 1379 682 fuit
1392 675 1405 695 ‚
1423 635 1521 685 cum
1537 657 1694 701 paucos
1707 644 1815 688 intra

152 691 236 738 dies
252 692 448 741 Sacerdos
466 698 614 743 vnicus
631 694 826 743 adiunxit
843 695 1024 759 amplius
1051 695 1244 745 ducenta.
1286 701 1346 746 At
1363 701 1505 749 minus
1525 703 1693 753 fortasse
1708 726 1816 754 con-

150 755 309 806 sultum
325 761 612 824 repraesentare
626 760 827 808 haereticis
839 762 912 808 sua
928 760 1163 819 damna,ne
1177 767 1349 811 maioris
1365 766 1453 827 odij
1472 774 1696 818 materiam
1714 772 1815 820 hinc

150 822 326 871 fortassis
341 829 556 890 arripiant.
596 826 730 887 Alter,
749 835 793 875 &
814 831 1049 892 praecipuus
1062 827 1281 876 Miffionis
1299 830 1462 878 fructus
1481 834 1817 893 est,Catholico-

150 905 249 936 rum
266 894 310 937 in
324 892 437 938 auita
454 891 680 956 Religione
695 901 738 940 &
749 896 902 957 pietate
921 893 1185 942 conseruatio
1200 932 1210 942 .
1257 894 1331 942 Ad
1356 895 1441 943 hoc
1468 899 1723 949 conferimus
1747 910 1819 952 Sa-

151 972 380 1017 cramenta,
396 975 512 1005 aures
533 958 673 1006 diuini
685 957 806 1006 verbi
824 956 1121 1006 fitientiffimas
1146 960 1370 1018 satiamus,
1389 961 1576 1010 solamur
1590 985 1737 1031 aegros,
1752 974 1819 1017 iu⁴

151 1038 304 1068 uamus
318 1027 546 1071 morientes
564 1063 577 1084 ,
593 1022 703 1073 nihil
729 1023 929 1090 denique,
953 1025 1075 1089 quod
1089 1026 1306 1074 Pastorem
1323 1025 1495 1075 bonum
1510 1035 1625 1095 gregi
1642 1034 1716 1080 suo
1736 1038 1823 1083 im-

149 1085 331 1150 pendere
346 1107 421 1154 par
447 1087 498 1137 sit
512 1128 526 1150 ,
547 1093 829 1155 praeterimus.
870 1090 1034 1139 Verum
1059 1110 1197 1156 neque
1218 1091 1310 1140 haec
1338 1098 1605 1143 nominatim
1619 1101 1825 1148 recensere

150 1151 383 1201 confilium
397 1154 472 1216 est,
486 1174 540 1203 ne
551 1174 653 1220 opes
678 1155 842 1204 nostras
857 1155 912 1204 ad
926 1156 1215 1222 direptionem
1232 1158 1430 1207 hostibus
1444 1161 1667 1211 ostentasse
1678 1165 1824 1214 videa-

150 1234 262 1267 mur.
302 1223 390 1270 Vix
406 1224 536 1269 etiam
551 1224 652 1270 cum
671 1220 961 1281 filemus,satis
980 1222 1250 1271 defendimur
1268 1224 1461 1273 aduersus
1478 1230 1650 1277 iniurias
1669 1231 1827 1296 quibus

150 1285 342 1334 nostram
359 1305 506 1336 vexare
519 1290 815 1335 innocentiam
832 1287 1074 1337 iucundum
1089 1288 1250 1338 habent
1277 1290 1485 1340 Foederati
1506 1298 1684 1342 Bataui.
1728 1298 1829 1361 Ipso

150 1350 370 1399 Miffionis
384 1356 515 1400 initio
530 1353 728 1401 edid'cum
753 1352 916 1418 prodiit
930 1395 943 1415 ,
972 1374 1062 1421 quo
1080 1359 1305 1404 minaciter
1332 1357 1557 1420 cauebant,
1574 1379 1628 1407 ne
1646 1366 1722 1426 qui
1739 1367 1830 1411 Ca-

151 1414 426 1466 tholicorum
441 1436 576 1467 coetus
593 1420 684 1467 tota
701 1419 866 1467 ditione
883 1420 954 1469 sua
969 1423 1234 1486 cogerentur,
1255 1441 1308 1470 ne
1321 1441 1382 1471 res
1407 1423 1557 1473 diuina
1573 1423 1703 1485 fieret,
1723 1427 1831 1480 neve

151 1485 369 1549 quispiam
387 1484 413 1533 a
435 1484 738 1541 Mislificante(
756 1483 810 1534 fic
824 1487 1096 1535 Sacerdotem
1114 1485 1304 1537 ludibrio
1321 1489 1565 1555 appellant)
1583 1491 1832 1544 Christiana

150 1550 352 1615 mysteria
368 1552 591 1616 vsurparet.
643 1557 762 1618 Qo
790 1552 936 1600 edicto
962 1557 1172 1617 quianon
1196 1556 1290 1602 satis
1309 1555 1832 1620 (quodvolebant)Socie-

150 1620 245 1664 tatis
272 1617 428 1666 nostrae
454 1617 656 1665 homines
671 1617 900 1682 expreffiffe
929 1618 1189 1667 videbantur
1215 1660 1229 1680 ‚
1263 1619 1446 1669 alterum
1474 1621 1606 1670 tulere
1629 1631 1832 1689 atrocius,

149 1699 242 1746 quo
266 1686 535 1731 nominatim
560 1684 735 1744 Iesuitae,
752 1684 931 1731 faeciosa
947 1703 1048 1748 gens
1064 1693 1108 1732 δε
1124 1686 1408 1749 sanguinaria,
1424 1691 1697 1752 quantocyus
1716 1711 1835 1739 exce-

152 1747 248 1796 dere
265 1747 425 1798 finibus
445 1749 553 1810 ruffi,
575 1768 653 1796 nec
669 1749 821 1814 pedem
846 1768 1077 1814 vmquam,
1093 1749 1140 1796 n'i
1157 1749 1507 1814 grauiffimorum
1522 1754 1833 1818 suppliciorum

151 1832 240 1863 reos
258 1816 335 1863 sese
351 1814 521 1872 vellent,
540 1814 815 1881 postliminio
833 1816 984 1862 inferre
1000 1852 1011 1862 .
1063 1814 1231 1863 Adhaec
1257 1816 1460 1881 grauibus
1488 1823 1620 1867 minis
1637 1839 1833 1885 cautum,

151 1898 206 1929 ne
230 1886 325 1948 quis
344 1886 528 1930 Batauus
556 1883 731 1932 {uorum
764 1881 957 1946 aliquem
974 1881 1142 1946 vspiam
1167 1894 1372 1931 terrarum
1389 1884 1550 1932 Iesuitis
1581 1889 1626 1934 in
1644 1887 1835 1955 discipli—-

151 1966 257 1996 nam
271 1947 452 1996 traderet
469 1958 482 2009 ',
497 1967 549 1997 ne
561 1952 655 2014 quis
672 1948 872 1995 Iesuitam
919 1946 1196 2013 ualicumque
1222 1947 1362 1996 caussa‘i
1389 1952 1506 1999 tecto
1519 1957 1725 2019 exciperet
1742 1995 1755 2014 ,
1772 1955 1836 2005 la-

153 2012 280 2063 tebris
294 2013 481 2074 abderet3
501 2034 557 2076 re,
573 2012 768 2075 consilio,
786 2030 859 2062 aut
873 1966 964 2063 V<ho
979 2012 1110 2075 officij
1131 2031 1280 2078 genere
1298 2017 1472 2063 iuuaret.
1505 2018 1631 2067 Tum
1659 2039 1706 2068 m
1714 2027 1833 2086 agnis

155 2084 342 2144 praemiis
373 2085 555 2129 inuitata
582 2081 723 2129 studia
750 2080 991 2128 delatorum
1002 2117 1012 2126 .
1065 2077 1321 2128 Praetoribus
1351 2079 1537 2147 denique
1562 2083 1835 2137 &localibus

154 2146 486 2211 Magistratibus
505 2147 638 2195 seuere
659 2150 867 2211 imperata
882 2147 1112 2194 exsecutio.
1155 2149 1239 2194 Hae
1255 2162 1347 2194 tam
1365 2163 1521 2195 atroces
1536 2149 1696 2198 tabulae
1718 2171 1836 2202 anno

154 2216 352 2276 praeteriti
371 2212 510 2261 saeculi
525 2211 809 2279 nonagesimo
827 2214 941 2261 sexto
956 2211 1163 2259 confestae
1179 2251 1193 2272 ,
1226 2210 1551 2277 deindelsaepius
1565 2214 1619 2263 ad
1635 2220 1836 2282 vigorem

155 2281 376 2327 innouatae
392 2318 405 2338 ‚
422 2279 679 2328 Miffionem
704 2278 831 2327 istam
843 2319 856 2340 ,
876 2278 906 2326 fi
923 2276 1005 2325 alia
1022 2275 1206 2326 abessent
1221 2279 1533 2339 incommoda,
1555 2283 1747 2331 maxime
1772 2304 1836 2333 ara

156 2343 292 2393 duam
307 2344 504 2394 reddunt.
545 2343 739 2394 Tametsi
753 2349 871 2393 enim
894 2345 1066 2392 summa
1083 2347 1259 2393 Parrum
1287 2347 1618 2410 circumspectio
1636 2348 1696 2397 est
1709 2389 1722 2410 ,
1745 2368 1836 2399 non

160 2429 319 2475 paucos
338 2428 484 2459 tamen
504 2416 548 2459 in
563 2412 683 2462 tant-3.
708 2410 915 2476 indagine
931 2409 1244 2475 comprehendi
1273 2412 1430 2461 neceffe
1462 2413 1573 2472 fuit3
1592 2415 1694 2463 cum
1719 2415 1839 2465 nulla

162 2476 323 2525 cautela
337 2478 514 2526 sufficiat
539 2478 731 2527 aduersus
746 2477 975 2526 emissarios
1001 2485 1044 2525 ὃς
1064 2475 1186 2524 falsos
1205 2476 1348 2525 fratres
1364 2517 1377 2538 ,
1396 2482 1474 2543 qui
1491 2476 1625 2527 fidem
1641 2479 1839 2531 venalem

162 2541 325 2591 habent
340 2569 350 2602 3
368 2553 412 2592 δε
435 2549 558 2609 egeni
573 2546 673 2592 cum
691 2541 773 2591 sint
785 2584 799 2605 ,
818 2561 901 2591 arte
915 2541 1121 2609 qualibet,
1146 2546 1276 2591 etiam
1295 2542 1458 2605 scelere,
1473 2545 1689 2610 quaestum
1709 2549 1840 2597 facere

162 2607 261 2656 sunt
275 2614 420 2674 parati.
454 2610 749 2675 Nos-quidem
768 2609 874 2658 certe
892 2614 936 2657 in
964 2609 1123 2657 diuinis
1141 2608 1356 2657 beneficiis
1374 2627 1654 2660 numeramus
1682 2655 1695 2676 ‚
1727 2615 1840 2663 Miss

163 2671 329 2723 fionem
361 2674 482 2724 illam
503 2677 749 2725 multorum
777 2681 954 2724 Parrum
972 2674 1423 2725 innocentissimorum
1438 2677 1620 2726 vinculis
1636 2721 1649 2740 ‚
1665 2698 1838 2743 carcere,
1863 2673 2047 2754 ἴζζλζηῗῖζῄ

163 2739 459 2809 omnibusq'ue
472 2762 575 2808 quas
591 2761 726 2791 carcer
741 2741 873 2791 habet
888 2745 1087 2790 aerumnis
1101 2780 1115 2802 ,
1132 2746 1254 2790 toties
1272 2742 1555 2792 nobilitatam
1570 2745 1691 2794 fuiffe
1706 2785 1715 2794 .
1749 2752 1839 2795 Pri-
1861 2771 1973 2803 cmm,

164 2825 261 2854 mus
291 2807 345 2856 ad
362 2807 477 2856 hanc
489 2808 672 2874 gloriam
689 2827 864 2860 vocatus
881 2809 941 2856 est
958 2848 972 2868 ‚
1004 2813 1081 2873 qui
1103 2813 1268 2873 primus
1300 2813 1346 2857 in
1377 2828 1551 2858 arenam
1570 2810 1840 2862 descenderat

167 2873 412 2922 Gulielmus
440 2878 641 2935 Leonius‚
661 2880 704 2923 in
721 2874 888 2941 agendo
905 2883 949 2929 &
974 2873 1178 2938 patiendo
1190 2874 1364 2941 perinde
1377 2872 1690 2942 antesignanus,
1714 2884 1835 2928 Doc-

168 2944 300 3002 comij
323 2944 368 2988 in
394 2940 518 2990 Frifia
543 2941 782 2990 Caluinum
816 2951 859 2990 &
885 2941 1164 2989 Mennonem
1189 2939 1335 2990 multis
1362 2941 1556 2991 nudabat
1574 2943 1727 2992 asseclis
1744 2987 1756 3006 ‚
1772 2951 1841 2993 in-

169 3004 380 3055 tolerabili
411 3008 718 3056 Ministrorum
735 3007 883 3056 dolore
894 3047 908 3068 ,
931 3008 1208 3056 frementium
1238 3025 1372 3073 partes
1387 3009 1478 3056 suas
1498 3009 1555 3057 ab
1573 3029 1663 3058 vno
1692 3010 1841 3074 aliquo

171 3072 321 3120 Iesuita‘i
337 3071 445 3121 adeo
462 3072 700 3133 debilitari,
732 3083 775 3123 δε
791 3073 936 3139 palam
952 3074 1285 3123 vociferantium
1302 3115 1317 3136 ,
1345 3074 1394 3123 n'i
1408 3075 1618 3124 continuo
1632 3075 1702 3122 ille
1715 3074 1842 3140 pelle-

171 3153 282 3185 retur
314 3178 329 3197 ,
357 3141 603 3188 Vniuersum
627 3139 745 3189 breui
759 3140 975 3206 oppidum
997 3139 1051 3188 ad
1069 3138 1401 3191 Pontificiorum
1419 3139 1538 3206 signa
1551 3138 1841 3188 transiturum.

170 3205 254 3251 His
267 3202 526 3254 clamoribus
537 3210 703 3254 excitati
719 3207 1064 3272 Magistratus‚ac
1077 3206 1330 3265 seditionem
1342 3211 1557 3265 veriti‚aut
1572 3210 1702 3254 etiam
1717 3225 1842 3254 accu-

172 3269 382 3318 sationem
397 3271 666 3338 negligentiae
683 3273 764 3320 suae
778 3272 891 3338 apud
917 3271 1103 3322 Ordines
1122 3272 1427 3340 prouinciales,
1455 3270 1627 3319 duobus
1646 3271 1842 3320 militum

175 3337 385 3384 Praefeffis
399 3336 661 3386 demandant
675 3343 964 3404 captiuitatem
985 3343 1116 3388 Patris
1133 3376 1141 3385 .
1181 3344 1244 3387 Hi
1259 3344 1303 3387 in
1319 3339 1440 3399 aedes,
1455 3336 1533 3388 vbi
1550 3335 1619 3384 ille
1632 3336 1845 3400 latitabat,

174 3402 417 3468 irrumpunt
429 3423 500 3469 per
512 3409 622 3467 vim,
637 3405 945 3471 deprehensum
959 3406 1199 3465 extrahunt,
1218 3414 1263 3453 &
1276 3404 1488 3453 onustum
1506 3402 1686 3453 vinculis
1685 3422 1746 3520 bip
1764 3423 1845 3468 pu-

1124 3472 1257 3520 liiii
1733 3473 1845 3521 icam
