2321 4013
242 275 404 316 LIBER
442 274 660 316 SEXTVS.
692 275 967 317 SOCIETAS
1007 275 1571 323 FLANDRO-BELGICA.
1659 281 1765 336 819

114 343 213 395 driae
227 365 317 402 oras
338 350 565 414 portusque
577 350 772 414 perpetu&
787 350 869 398 fere
883 348 1110 398 obsidione
1127 350 1284 399 claudit
1302 357 1483 400 Batauus
1498 373 1677 404 numero
1691 377 1767 405 na-

115 418 239 459 'uium
256 415 394 473 ferox,3
413 415 526 463 vnde
542 416 692 463 nostris
711 417 885 480 egressus
902 415 1187 483 ingress'usque
1205 422 1248 465 vi
1279 426 1322 466 ὃς
1337 420 1540 483 languine
1554 428 1765 485 quaeritur.

117 478 198 525 Pr&
209 518 221 539 ,
235 478 449 543 quantum
465 485 620 528 cruoris
641 479 814 545 Belgico
828 486 935 529 mari
949 483 1105 540 fusum3
1125 493 1186 542 ὃς,
1201 483 1249 530 ni
1266 502 1346 548 pax
1359 488 1628 533 interuenerit
1642 526 1655 546 ,
1668 488 1769 534 fun-

115 543 305 592 dendum
326 560 334 592 1
369 545 527 594 Interea
543 545 721 611 epibatis
741 565 813 610 par
829 546 1014 611 periculo
1027 549 1234 609 securitas,
1247 567 1325 595 nec
1338 554 1436 598 vitae
1452 551 1688 619 inortisque
1704 553 1770 600 di-

116 610 291 657 stinffio
308 645 317 655 .
368 614 461 675 Itaq
467 630 517 657 ue
534 611 887 672 conscendebant,
901 611 1017 660 nulla
1032 612 1171 660 salutis
1184 614 1281 661 cura
1292 654 1306 674 ,
1330 621 1507 679 peccatis
1522 635 1666 682 graues
1684 644 1695 677 3
1726 627 1770 666 δε

115 677 191 739 qui
215 691 281 722 tot
294 675 548 724 mortalium
570 677 808 742 inuigilaret
822 677 970 736 saluti,
987 682 1134 726 vnicus
1150 679 1344 726 Sacerdos
1359 698 1440 728 erat
1455 684 1668 747 Hispanus
1682 687 1773 731 Ca-

114 738 271 804 pellani
290 743 472 789 Maioris
491 747 694 790 nomine:
722 742 923 809 idemque
937 759 1160 790 contentus
1185 745 1287 791 terra
1302 749 1446 792 iuuare
1458 747 1552 795 suos
1564 788 1576 807 ,
1591 747 1774 797 abstine-

117 804 190 853 bat
203 811 338 865 mari3
361 806 393 854 fi
419 824 564 855 tamen
579 812 722 855 iuuare
746 824 934 872 poterat,
962 826 1093 872 quem
1109 826 1246 872 neque
1262 808 1553 874 intelligebant
1569 815 1771 862 nostrates

116 888 272 932 nautae‚
287 891 364 919 nec
378 874 462 939 ipse
476 891 622 921 nautas
639 911 648 920 .
688 872 848 922 Obiuit
863 873 933 919 liic
954 872 1070 920 diem
1094 873 1219 921 suum
1248 876 1489 922 Dunkercae
1507 896 1620 925 anno
1638 880 1775 928 saeculi

115 953 208 985 XXI
219 955 275 985 11.
295 937 424 1004 inque
437 938 629 987 defunffi
645 938 792 986 locum
804 937 1064 1003 quaerebatur
1081 937 1183 985 alius
1201 959 1211 986 :
1244 939 1329 1003 qua
1342 939 1563 989 occasione
1584 961 1776 1007 coeptum

116 1002 169 1049 de
184 1007 387 1051 Societate
404 1008 473 1069 agi
498 1005 614 1069 apud
630 1004 935 1052 Marcliionem
954 1003 1177 1069 Spinolam
1194 1044 1207 1064 ,
1226 1009 1483 1069 Supremum
1501 1023 1604 1055 tunc
1629 1013 1777 1073 Regiae

115 1068 281 1116 militiae
299 1070 404 1117 terra
422 1070 615 1136 marique
631 1071 900 1118 Praefectum.
941 1074 978 1117 Is
997 1065 1050 1117 ad
1068 1067 1290 1118 Ilabellam
1315 1072 1610 1120 Archiducem
1623 1076 1778 1136 retulit,

116 1152 214 1198 quae
231 1151 307 1199 pro
327 1136 396 1182 lira
410 1140 562 1200 pietate
578 1153 643 1183 tot
660 1140 904 1183 animarum
923 1137 1115 1183 miserata
1139 1139 1388 1201 perniciem,
1409 1146 1454 1186 &
1468 1137 1662 1203 praeclate
1677 1159 1780 1187 con-

116 1202 200 1247 scia
233 1219 342 1265 quos
371 1200 534 1249 labores
557 1205 603 1248 in
633 1202 771 1249 castris
788 1205 930 1265 Regiis
957 1200 1185 1248 exantlaret
1211 1206 1391 1249 Societas
1410 1243 1424 1263 ,
1451 1222 1505 1251 ne
1539 1204 1647 1269 quid
1671 1205 1780 1253 sola-

35 1304 38 1308 .
66 1308 69 1311 A
118 1268 165 1326 tij
200 1270 343 1313 minus
367 1266 539 1314 haberet
552 1264 682 1314 classis
713 1307 725 1326 ‚
754 1286 848 1314 eam
861 1285 1036 1331 quoque
1056 1284 1203 1314 curam
1219 1266 1346 1315 nobis
1363 1268 1526 1316 solenni
1542 1270 1781 1335 diplomate

119 1330 402 1379 demandauit
415 1336 537 1379 tertio
558 1332 657 1379 Idus
675 1331 954 1380 Nouembres
974 1349 1026 1379 M.
1053 1347 1138 1380 DC.
1153 1349 1313 1380 XXIII.
1330 1334 1533 1382 Arduum
1545 1335 1640 1383 sane
1653 1356 1775 1400 opus,
1798 1354 1961 1398 Quam-fit

118 1414 256 1461 neque
271 1395 421 1462 passim
435 1396 642 1446 omnibus
661 1397 1049 1458 fi1stinendi11n‚st:d
1065 1397 1221 1462 quibus
1248 1407 1292 1446 &
1307 1404 1475 1448 animus
1500 1410 1544 1448 δε
1564 1404 1669 1449 vires
1684 1411 1779 1451 ma'-
1794 1403 1896 1471 ard?
1917 1401 1979 1437 lm

119 1466 245 1509 ximis
263 1467 461 1510 aerumnis
490 1482 601 1528 pares
619 1501 628 1509 .
668 1462 863 1511 Primum
890 1463 976 1528 ipsa
999 1462 1185 1511 solitudo
1209 1469 1348 1528 grauis
1366 1467 1425 1513 est
1439 1506 1452 1526 3
1470 1464 1593 1514 nullo
1621 1472 1782 1525 comite
1796 1450 1951 1496 ἄμφω

59 1571 68 1584 ,
119 1526 358 1592 Religioso‚
374 1529 536 1577 nedum
561 1528 795 1587 Sacerdote,
825 1529 849 1578 a
862 1548 952 1594 quo
973 1537 1016 1576 δε
1033 1528 1221 1577 honestae
1235 1532 1562 1579 conuersationis
1577 1533 1719 1594 Vsum,
1736 1529 1781 1583 ἃ·

118 1597 165 1641 in
183 1593 373 1658 periculis
392 1614 439 1642 ac
454 1612 592 1643 morte
622 1593 882 1642 beneficium
898 1594 1018 1641 sacra:
1035 1593 1314 1643 absolutionis
1336 1601 1558 1661 accipiant.
1600 1602 1783 1664 Qam-

118 1675 254 1723 quam
268 1663 385 1708 enim
403 1661 624 1725 perspecstae
639 1664 803 1710 virtutis
817 1664 899 1709 viri
926 1661 1019 1707 sunt
1030 1700 1043 1720 ,
1082 1679 1129 1708 ac
1158 1663 1242 1707 Dei
1265 1661 1351 1725 qua
1365 1666 1522 1709 timore
1540 1662 1625 1727 qua
1638 1682 1787 1712 amore

121 1723 284 1774 confixi
296 1766 309 1787 3
328 1743 550 1790 quotquot
566 1730 611 1772 in
635 1744 731 1772 eam
747 1726 967 1772 fortunam
996 1723 1155 1772 sedant
1172 1765 1185 1785 ,
1200 1742 1247 1774 vt
1267 1726 1452 1773 minime
1467 1727 1714 1776 timendum
1738 1727 1790 1777 fit

121 1808 178 1837 ne
194 1796 381 1855 grauiori
406 1791 548 1856 aliqua
564 1791 676 1838 noxa
701 1789 992 1855 implicentur3
1009 1806 1154 1836 tamen
1168 1794 1262 1854 quis
1277 1789 1344 1838 vel
1364 1790 1664 1851 sancitiffimus,
1679 1792 1790 1842 dum

122 1872 309 1903 mortem
330 1873 426 1904 ante
439 1855 587 1904 oculos
605 1858 758 1905 versari
774 1855 891 1904 videt
904 1895 918 1916 ‚
935 1874 1025 1903 non
1043 1854 1212 1903 summe
1227 1872 1346 1920 optet
1373 1856 1638 1921 praesentiam
1650 1863 1791 1906 Sacer-

122 1919 237 1968 dotis
254 1962 266 1982 ,
282 1921 307 1970 a
323 1941 413 1986 quo
429 1932 472 1971 &
494 1923 696 1987 supremis
725 1926 947 1969 muniatur
965 1923 1241 1968 Sacramentis
1258 1960 1272 1981 ,
1297 1930 1342 1969 δε
1359 1921 1414 1970 ad
1429 1921 1725 1973 Christianam
1740 1929 1787 1974 in

122 1986 278 2036 Vltima
295 1986 367 2035 illa
383 1987 500 2035 ludia
521 1988 809 2035 constantiam
822 1989 1034 2034 animetur
1051 1996 1063 2032 ?
1081 1986 1250 2033 Deinde
1264 2004 1492 2034 nautarum
1507 1987 1788 2057 militumque

124 2052 328 2100 colluuies
363 2054 560 2118 quotidie
591 2052 833 2101 sustinenda
855 2053 914 2101 est
938 2078 947 2111 3
976 2070 1164 2116 quorum
1189 2052 1324 2099 sermo
1340 2091 1354 2111 ,
1385 2052 1433 2100 ni
1457 2052 1786 2117 prohibeantur,

131 2119 267 2178 faeces,
285 2117 898 2184 iuramenta,periuria-,quibus
912 2134 984 2165 aut
997 2122 1116 2182 aegris
1135 2116 1438 2176 inualetudine‚
1455 2135 1527 2166 aut
1540 2119 1685 2183 praelio
1696 2121 1788 2168 sau-

125 2187 243 2231 ciatis
269 2183 409 2232 seruili
445 2203 566 2233 more
590 2183 923 2232 ministrandum
950 2204 959 2230 :
995 2187 1111 2230 cuius
1129 2182 1353 2245 ministerij
1374 2188 1601 2248 praemium
1618 2185 1678 2234 est
1704 2187 1791 2234 fre-

128 2267 262 2313 quens
279 2268 327 2296 ex
351 2255 609 2315 contagione
627 2248 800 2298 morbus
830 2291 842 2311 ‚
876 2257 919 2297 &
947 2249 1053 2313 saepe
1079 2247 1269 2295 mortalis
1285 2274 1295 2306 3
1312 2267 1403 2314 quo
1427 2254 1534 2297 terni
1557 2249 1792 2316 aliquando

124 2315 363 2362 Sacerdotes
378 2357 392 2376 ‚
408 2316 534 2365 viiic-3.
552 2319 828 2380 nauigatione
843 2319 1023 2378 correpti
1040 2312 1321 2380 exstinCtiq'ue
1358 2355 1372 2376 ,
1396 2315 1522 2362 suum
1539 2319 1583 2362 in
1601 2322 1710 2365 mari
1724 2334 1794 2365 tu-

123 2379 300 2428 mulum
317 2385 523 2429 inuenere.
568 2385 851 2430 Praetermitto
865 2384 1078 2428 marinam
1104 2381 1304 2427 nauseam
1320 2419 1335 2440 ,
1364 2378 1536 2429 insulsos
1550 2381 1693 2444 cibos,
1709 2402 1793 2448 po..

127 2462 224 2494 tum
240 2446 519 2511 deprauatum
535 2487 547 2506 ,
567 2449 779 2495 insomnes
806 2450 952 2494 noctes
978 2486 991 2506 3
1024 2445 1185 2493 vestem
1204 2449 1483 2493 immutatam
1501 2487 1514 2508 ‚
1531 2450 1697 2495 art‘j’tum
1711 2448 1794 2498 oli-

129 2510 323 2577 dumque
348 2512 609 2577 ergastulum
634 2517 771 2561 verius
801 2511 934 2577 quam
963 2510 1103 2559 cubile
1127 2552 1140 2572 ‚
1170 2529 1423 2574 perpetuum
1445 2511 1499 2560 ab
1525 2512 1721 2562 hostibus
1747 2524 1795 2564 δε

131 2577 454 2641 tempestatibus
484 2577 718 2643 periculum
749 2604 759 2635 3
791 2577 1052 2642 quandoque
1087 2585 1131 2624 ὃς
1165 2575 1296 2623 letum
1315 2616 1328 2637 ,
1357 2577 1425 2626 vel
1456 2597 1504 2626 ex
1531 2578 1702 2628 vulnere
1724 2580 1794 2630 vel

131 2643 358 2707 naufragio
385 2643 604 2692 crudeliter
628 2642 922 2708 oppetendum
939 2669 950 2695 ,-
967 2642 1174 2706 denique,
1191 2659 1237 2689 vt
1263 2641 1403 2690 abfint
1417 2661 1572 2705 cetera,
1592 2662 1682 2693 tam
1696 2645 1794 2694 diu-

128 2724 301 2755 turnam
328 2713 372 2755 in
398 2714 564 2776 magnis
579 2708 807 2775 frigoribus
830 2749 845 2769 ‚
886 2712 1021 2758 ventis
1043 2747 1056 2767 ,
1088 2707 1328 2771 imbribus,
1347 2707 1468 2771 solo,
1486 2714 1596 2758 mari
1622 2719 1667 2760 δε
1701 2721 1796 2760 ae're

131 2777 424 2822 iaitationem.

220 2843 342 2905 Qis
361 2839 446 2887 huc
462 2838 691 2887 hominem
707 2839 851 2903 gustus
870 2845 1003 2904 rapiat
1016 2876 1030 2896 ,
1060 2855 1132 2886 aut
1145 2856 1239 2904 quae
1254 2838 1453 2904 voluptas
1473 2848 1490 2889 ,ἲ
1514 2840 1625 2889 solus
1639 2845 1791 2891 iuuan-
1808 2854 1848 2890 (ἐν
1870 2851 1975 2887 tamen‘

134 2903 290 2952 darum
316 2910 560 2953 animarum
577 2904 700 2951 ardor
718 2903 802 2952 hoc
819 2906 955 2969 potest
981 2944 994 2962 ,
1023 2908 1100 2968 qui
1118 2914 1162 2953 δε
1179 2905 1287 2952 senes
1314 2905 1367 2952 ad
1390 2905 1502 2953 lianc
1518 2911 1789 2971 prouinciam
1806 2902 1994 2983 unlnimt‘f‘

134 2970 412 3034 expetendam
439 2975 634 3018 incitauit
647 3007 657 3016 .
700 2969 922 3018 Gulielmo
953 2975 1152 3018 Hercano
1168 2976 1179 3026 <
1197 2987 1245 3018 vt
1262 2969 1366 3018 alios
1381 2988 1544 3020 taceam
1564 2972 1790 3039 plusquam
1808 2958 1942 3031 rampe
1961 2961 1993 2986 μ’

53 3079 54 3084 ,
134 3036 419 3101 sexagenarios
452 3046 496 3084 ὃς
523 3035 679 3100 infigni
705 3039 856 3082 canitie
873 3033 1159 3095 venerabiles)
1182 3036 1412 3101 postquam
1438 3036 1664 3103 Religiosae
1694 3044 1793 3086 vitae

64 3096 67 3106 ”
135 3105 554 3167 quinquagenarium
571 3100 736 3148 iamdiu
755 3099 1051 3163 celebrass'et‚ea
1062 3106 1249 3165 corporis
1264 3102 1484 3169 animique
1498 3102 1683 3151 alacritas
1695 3103 1793 3164 fuit,

136 3183 184 3215 Vt
198 3185 360 3231 magno
376 3166 544 3215 ambitu
568 3171 744 3232 petitam
762 3166 1016 3215 Miffionem
1031 3171 1267 3231 impetrarit
1286 3208 1298 3228 ,
1315 3185 1407 3216 tam
1422 3167 1568 3215 multis
1584 3171 1711 3215 etiam
1724 3172 1794 3215 iu·-

136 3231 317 3280 uenibus
338 3233 643 3281 formidatam.
683 3237 805 3280 Fuere
830 3237 905 3297 qui
934 3236 1032 3281 Deo
1063 3232 1198 3279 iurata
1214 3230 1301 3280 fide
1316 3237 1454 3281 vitam
1469 3250 1648 3279 omnem
1674 3233 1795 3282 suam

134 3295 239 3344 huic
253 3303 418 3346 muneri
435 3300 754 3346 consecrarunt.
783 3301 993 3347 nimirum
1022 3297 1200 3346 robusta
1231 3301 1447 3346 Societatis
1476 3296 1658 3344 charitas
1688 3298 1798 3347 adeo

138 3380 229 3411 non
252 3364 533 3430 circumspicit
548 3365 716 3432 fugam,
733 3379 781 3413 vt
806 3382 1011 3431 perpetuo
1025 3368 1119 3415 voti
1133 3382 1243 3410 nexu
1257 3403 1271 3423 ‚
1292 3381 1346 3411 ne
1361 3362 1512 3428 pedem
1538 3363 1686 3411 referre
1702 3364 1798 3429 pos-

1101 3426 1250 3476 Lnn
1290 3447 1317 3474 2.
1731 3428 1799 3490 fir,
