2321 4013
522 274 622 330 896
795 276 1050 319 IMAGO
1086 272 1303 315 PRIMI
1349 270 2014 311 SAECVLlsoc.1Esv.

519 359 596 401 cris
624 353 893 419 profanisqtoe
921 350 1160 400 Ordinibus
1199 347 1400 404 aderant,
1437 361 1561 392 tuum
1590 362 1721 393 auum
1754 347 1986 410 concepisse
2012 344 2176 392 audiui-

324 434 414 464 εει-ὼ
433 433 465 460 de
523 439 636 480 mus,
654 421 750 468 cum
772 417 1018 474 intelligeret
1030 414 1146 460 haud
1166 413 1316 459 debete
1342 411 1378 457 se
1395 410 1573 474 quidem
1589 449 1601 469 ,
1618 427 1659 456 at
1677 412 1791 474 posse
1806 427 1951 458 tamen
1967 414 2068 457 citra
2081 430 2178 459 om-

324 474 398 501 ΜΟ
416 472 489 510 ¹³⁶¹&
524 503 577 531 ne
594 485 828 549 piaculum,
847 471 999 527 maiori
1014 476 1246 524 auertendo
1264 475 1403 532 malo,
1425 475 1607 521 liberum
1634 475 1872 540 Religionis
1892 475 2013 523 Vsum
2031 493 2176 538 peten-

323 511 469 583 pfcjficx·
523 550 633 597 tibus
650 546 865 603 indulgere
885 544 1035 608 Belgis.
1065 548 1107 589 in
1133 559 1269 606 genua
1287 545 1402 586 enim
1422 556 1519 586 ante
1542 543 1767 588 CHRISTI
1792 539 1815 586 ὲ
1842 560 1964 588 cruce
1988 540 2175 604 peridem-2

325 589 495 669 ΞΥΞᾎΙΣΞῘ
523 619 571 660 tis
592 612 865 659 simulacrum
893 607 1144 673 prouolutus
1158 645 1170 663 ,
1207 612 1250 652 in
1271 605 1380 652 hanc
1403 623 1557 652 vocem
1576 609 1737 668 erupit:
1780 613 1857 671 Ego
1880 610 1990 654 ever-‹¹›
2008 606 2177 656 diuinam

325 685 401 731 tappt
421 686 468 716 ll·
521 680 763 725 Maiestatem
776 691 880 721 tuam
899 695 958 721 oro
977 674 1165 739 quaefin'jue
1181 711 1194 729 ,
1214 679 1297 718 Rex
1314 675 1481 717 omnium
1496 679 1604 717 Deus
1615 707 1627 726 ,
1648 672 1740 716 hanc
1753 686 1804 717 ‘vt
1820 674 1911 718 mihi
1924 687 2176 738 mentemper-

514 757 668 808 petuam
695 740 808 788 velis
823 780 835 800 ‚
866 760 908 787 ne
922 743 1069 787 illorum
1085 777 1097 797 ,
1128 744 1193 802 qm
1212 752 1247 784 te
1264 740 1483 784 ‘Dominum
1500 737 1732 801 respuerint,
1763 735 1924 801 vspz'am
1948 738 2094 784 alicime
2110 755 2177 786 aut

519 806 584 871 effi
601 807 792 853 dominum
815 825 856 852 ac
886 805 1057 868 uiefiam.
1076 807 1194 849 Itane
1208 802 1542 864 vero‚Pliilippe?
1559 801 1722 847 adeone
1737 818 1888 864 parum
1903 802 2085 865 politicis
2098 802 2178 850 do-

519 876 724 919 cumentis
738 890 777 917 es
800 825 990 918 imbutus
1011 880 1023 915 ?
1045 868 1207 917 adeone
1222 870 1415 914 nominis
1441 866 1601 913 oblitus
1621 870 1684 912 tui
1705 903 1717 925 ‚
1748 884 1840 929 quo
1857 882 1897 912 te
1921 869 2176 917 Prudentem

519 955 669 983 omnes
694 934 923 1001 appellant,
942 952 1002 992 vt,
1024 933 1188 994 negat-53,
1203 951 1333 996 quam
1352 949 1536 989 vocant,
1551 931 1814 978 conscientiae
1831 929 2035 991 libertate,
2055 934 2176 982 malis

521 1006 741 1061 amittere,
767 1002 900 1066 quam
925 995 1116 1047 concess&
1134 999 1292 1044 seruare
1308 995 1590 1045 nobilissimas
1612 999 1881 1056 Prouincias,
1907 1011 2068 1060 partem
2088 1016 2178 1048 ma-

522 1084 652 1122 gnam
678 1070 799 1129 Reqij
830 1067 1099 1129 pauimonij,
1126 1061 1243 1117 &(s1
1268 1061 1423 1126 absque
1454 1062 1618 1109 inuidia
1637 1062 1734 1109 licet
1753 1061 1913 1121 dicere)
1944 1062 2175 1126 pulcherri-

520 1116 643 1180 inam
681 1120 845 1179 corfonae
868 1147 948 1176 tuae
987 1135 1240 1192 gemmam?
1271 1132 1362 1175 Fuit
1378 1125 1605 1174 enimuero
1626 1167 1638 1186 ‚
1667 1128 1752 1174 fuit
1774 1126 1898 1174 altior
1927 1128 2007 1176 tibi
2040 1147 2176 1192 mens,

523 1205 567 1244 δε
583 1198 701 1261 supra
718 1195 851 1242 saeculi
870 1192 1139 1257 prudentiam
1157 1193 1342 1257 prudens
1356 1234 1370 1254 ‚
1392 1211 1487 1259 quae
1503 1193 1695 1258 politicas
1717 1196 1899 1239 rationes
1928 1193 2042 1240 haud
2062 1192 2178 1244 aliter

521 1259 751 1325 probabat,
776 1259 855 1307 nisi
870 1259 1082 1322 quaerant
1101 1267 1144 1306 &
1163 1257 1536 1318 Christianae-,non
1551 1276 1639 1306 tam
1665 1257 1842 1318 solicita,
1856 1277 1909 1305 ne
1925 1259 2031 1324 quid
2055 1260 2178 1308 detri-

518 1330 653 1372 menti
672 1324 965 1389 Status‚quam
978 1343 1030 1371 ne
1045 1322 1218 1388 Religio
1232 1329 1558 1388 patereturHaec
1576 1325 1722 1371 diuina
1737 1325 2053 1389 sapientquuae
2070 1325 2178 1374 mul-

517 1395 567 1436 tis
583 1390 704 1437 saluti
725 1390 805 1436 fuit
824 1429 836 1449 ‚
859 1389 954 1439 vere
970 1391 1201 1453 sapientem
1218 1406 1259 1435 te
1276 1391 1388 1448 fecit,
1406 1390 1556 1437 eadem
1577 1394 1664 1444 (vti
1685 1388 1812 1453 paqu
1827 1391 1947 1438 antea
1964 1390 2176 1452 vidimus)

514 1455 613 1502 fecit
641 1456 906 1502 fortunatum
934 1474 943 1500 ε
982 1474 1076 1518 quae
1101 1455 1310 1520 quamdiu
1336 1460 1378 1501 in
1416 1455 1590 1519 posteris
1620 1459 1693 1501 erit
1719 1459 1801 1501 tuis
1830 1460 1839 1506 (
1869 1460 1945 1502 erit
1968 1472 2109 1504 autem
2134 1462 2177 1506 in

513 1538 646 1567 omne
665 1535 848 1584 tempus,
868 1518 899 1567 fi
916 1520 1054 1567 modo
1073 1539 1121 1566 ex
1138 1521 1326 1568 duorum
1346 1526 1421 1585 qui
1447 1537 1489 1567 te
1511 1520 1639 1568 secuti
1660 1521 1755 1567 sunt
1776 1524 1949 1585 Regum
1980 1523 2177 1572 constan-

513 1585 569 1632 tiz‘i
600 1584 720 1633 liceat
751 1588 802 1633 de
830 1586 1020 1634 Vniuersa
1050 1586 1295 1650 posteritate
1323 1589 1541 1650 augurari)
1566 1584 1694 1633 stabit
1717 1588 1893 1632 Domus
1922 1596 1966 1635 δε
1985 1596 2173 1652 potentia

511 1650 748 1710 Austriaca3
769 1670 846 1698 nec
863 1651 989 1699 stabit
1011 1651 1165 1711 modo,
1192 1650 1260 1697 sed
1277 1652 1470 1715 quotidie
1487 1651 1616 1715 seips&
1639 1656 1777 1698 maior
1802 1651 1924 1699 dabit
1951 1653 2173 1717 publicum

512 1713 608 1763 orbi
639 1717 951 1764 documentum
970 1757 982 1776 ,
1001 1719 1152 1781 Regna
1170 1716 1508 1784 Regnorumque
1533 1721 1796 1765 incrementa
1812 1720 2089 1767 certissimum
2104 1722 2178 1769 effe

515 1786 745 1845 praemium
761 1781 1012 1844 Religionis.

582 1849 716 1893 Nunc
734 1848 786 1894 ad
803 1848 967 1894 cursum
992 1846 1133 1905 suum,
1152 1847 1268 1894 vnde
1282 1845 1454 1911 abrepta
1473 1847 1531 1895 est
1544 1887 1555 1907 ,
1568 1864 1790 1896 reuocetur
1813 1854 1966 1908 oratio,
1986 1847 2178 1917 illudque

515 1909 724 1958 fateamur
745 1911 993 1976 aliquando,
1012 1913 1035 1959 a
1054 1911 1295 1960 Catholicis
1317 1912 1509 1978 Regibus
1528 1932 1615 1961 non
1631 1933 1732 1962 auro
1751 1914 1956 1962 haetenus
1971 1955 1984 1974 ,
2003 1934 2092 1964 non
2111 1936 2176 1964 ar-

513 1980 610 2034 mis,
627 1994 713 2023 non
730 1978 920 2041 sanguini
938 1978 1013 2025 esse
1042 1978 1213 2040 parsum
1244 1983 1288 2025 in
1305 1979 1600 2043 oppugnanda
1621 1975 1788 2040 haeresi,
1809 1981 2088 2046 monstroque
2101 1983 2175 2031 illo

513 2056 578 2087 tot
601 2045 787 2105 capitum
809 2048 851 2090 in
876 2043 955 2090 suis
973 2047 1160 2091 Batauiae
1177 2042 1404 2108 paludibus
1418 2045 1747 2093 obtruncando:
1770 2046 1966 2094 adbibita
1979 2048 2055 2095 esse
2077 2048 2176 2096 hac-

514 2121 634 2152 tenus
666 2105 945 2174 adhiberiq'ue
972 2107 1147 2156 consilia
1179 2127 1268 2157 non
1300 2109 1496 2158 salutaria
1524 2109 1691 2172 minus,
1719 2113 1853 2176 quam
1879 2117 2094 2176 potentia,
2122 2115 2175 2163 ad

514 2170 738 2235 Belgarum
770 2172 952 2238 populos
977 2178 1021 2222 in
1041 2173 1154 2222 auita
1182 2174 1295 2236 fide,
1319 2175 1404 2222 hoc
1427 2175 1510 2237 est,
1526 2180 1571 2224 in
1595 2177 1723 2226 vnicii
1739 2178 1792 2225 ad
1806 2178 1980 2226 salutem
1999 2180 2066 2227 via
2083 2185 2176 2228 reti-

510 2238 689 2284 nendos.
717 2244 839 2303 Qae
856 2244 1008 2287 omnia
1025 2239 1120 2286 licet
1140 2241 1354 2288 eiusmodi
1375 2240 1455 2289 sint
1471 2242 1705 2290 Austriacae
1719 2247 1885 2307 pietatis
1909 2262 2172 2309 argumenta,

511 2317 559 2348 vt
584 2303 734 2350 merito
761 2322 807 2351 ea
832 2323 981 2352 omnes
1006 2305 1234 2369 suspiciant
1257 2316 1300 2354 δέ
1331 2306 1620 2370 admirentur,
1645 2327 1779 2356 nemo
1807 2309 1938 2374 digne
1967 2307 2112 2375 eloqui
2136 2311 2173 2358 se

513 2367 626 2427 posse
643 2368 849 2428 confidat3
874 2369 981 2418 illud
997 2371 1173 2419 tandem
1188 2371 1266 2437 qui
1290 2373 1384 2420 satis
1401 2372 1577 2420 efferam
1588 2411 1602 2432 ‚
1619 2382 1663 2422 &
1683 2379 1895 2439 quoniam
1915 2380 2101 2423 omnino
2113 2393 2174 2424 ta-

316 2446 497 2491 „tofinead-
514 2449 604 2478 cere
623 2451 709 2480 non
729 2437 947 2499 possumus
960 2474 973 2493 ‚
992 2436 1149 2501 quibus
1168 2442 1275 2502 grati
1291 2442 1428 2485 animi
1449 2437 1836 2501 significationibus
1854 2459 2174 2489 commemora-

313 2494 402 2573 ?{sa
417 2507 450 2526 m
516 2492 589 2553 bo,
608 2498 725 2561 quod
751 2504 794 2547 in
815 2500 1043 2566 Belgarum
1060 2503 1322 2566 procuranda
1336 2503 1466 2552 salute
1480 2504 1708 2553 Sodalibus
1731 2506 1885 2553 nostris
1911 2511 1972 2554 vti
1991 2506 2172 2556 voluerit

314 2553 460 2628 δζῑξζῖιῖ
514 2560 769 2611 administris
790 2574 805 2613 ἒ
827 2566 979 2614 fatetur
998 2571 1112 2614 enim
1127 2573 1170 2615 in
1195 2570 1430 2634 Hispaniis,
1443 2570 1594 2618 fatetur
1612 2575 1655 2618 in
1672 2571 1809 2632 Italia,
1827 2571 2174 2631 Sicilifi‚Ger1na-

513 2626 774 2694 niQaliisque
798 2632 1041 2696 regionibus
1057 2632 1296 2697 plurimum
1314 2636 1351 2682 se
1363 2634 1515 2684 debere
1532 2637 1759 2684 Austriacis
1781 2638 1972 2702 Regibus
1988 2641 2174 2703 Impera-

514 2691 761 2757 toribusque
782 2700 978 2744 Societas:
1008 2716 1087 2744 nos
1107 2699 1223 2760 vero,
1238 2704 1313 2764 qui
1340 2705 1384 2747 in
1402 2701 1488 2748 hoc
1506 2701 1660 2766 Belgio
1673 2706 1880 2764 viuimus,
1906 2706 1982 2767 qui
1996 2703 2173 2751 faculta-

515 2769 603 2801 tem
632 2759 782 2805 nostrae
806 2759 879 2806 hic
896 2761 1154 2824 explicanda:
1178 2764 1396 2812 industriae
1425 2785 1514 2814 non
1536 2767 1625 2814 aliis
1650 2767 1882 2817 secundum
1911 2773 2057 2816 Deum
2071 2769 2173 2816 refe-

514 2821 645 2867 rimus
666 2839 902 2887 acceptam3
923 2828 1190 2889 agnoscimus
1205 2829 1256 2876 eo
1274 2830 1366 2895 plus
1385 2831 1623 2880 Catholicis
1642 2851 1719 2881 nos
1738 2833 1930 2899 Regibus
1960 2837 2171 2899 Principi-

514 2881 677 2950 busque
693 2887 842 2936 debere
857 2929 869 2949 ,
886 2890 976 2951 quo
996 2900 1038 2940 ὃς
1064 2892 1140 2957 ipsi
1166 2895 1218 2942 de
1236 2895 1386 2961 Belgio
1403 2901 1448 2945 in
1474 2916 1583 2946 verae
1608 2900 1723 2948 Fidei
1741 2898 1858 2948 cultu
1877 2901 2171 2948 conseruando

512 2947 605 3021 plus
623 2949 812 3000 laborare
837 2954 913 3002 vifi
938 2956 1058 3017 sunt,
1089 2966 1131 3005 δε
1149 2965 1365 3026 praecipuo
1384 2981 1460 3010 nos
1479 2963 1540 3012 ob
1556 2983 1652 3012 eam
1673 2965 1854 3013 caussam
1871 2966 2013 3014 studio
2030 2966 2170 3014 admi-

511 3018 666 3075 serunt,
688 3015 969 3081 susceperunt,
987 3023 1278 3074 sustentarunt.
1319 3033 1436 3092 Quo
1449 3046 1539 3076 non
1553 3029 1747 3095 obsequij
1763 3029 1913 3078 debito
1931 3028 2009 3078 fibi
2030 3035 2168 3079 Socie-

510 3093 640 3127 tatem
657 3081 886 3131 obstrinxit
902 3084 1122 3151 Philippus
1139 3092 1192 3137 11.
1215 3094 1304 3138 Rex
1321 3089 1659 3156 sapientissimus,
1681 3099 1756 3160 qui
1773 3095 2002 3143 deletstatus
2017 3116 2068 3145 eo
2084 3098 2170 3145 fru-

510 3146 599 3202 ctu,
618 3164 747 3217 quem
766 3148 788 3194 ἐ
814 3151 1019 3197 Societate
1041 3152 1188 3214 passim
1208 3174 1280 3218 per
1303 3158 1501 3222 Belgium
1528 3160 1693 3224 decerpi
1709 3159 1905 3220 videbat,
1932 3179 2048 3210 anno
2064 3181 2168 3227 prae-

511 3213 619 3255 teriti
636 3210 771 3259 saeculi
798 3212 1069 3276 oetogefimo
1092 3235 1244 3281 quarto
1275 3239 1366 3268 non
1391 3224 1557 3274 tantum
1576 3224 1731 3290 insigni
1761 3243 1854 3272 cam
1876 3232 2080 3276 encomio
2096 3246 2166 3275 cx-

509 3279 692 3336 ornauit,
711 3277 778 3324 scd
799 3277 972 3339 publico
995 3284 1125 3329 ctiam
1150 3281 1388 3346 diplomate
1406 3291 1661 3351 potestatem
1677 3289 1775 3337 fecit
1793 3307 1886 3338 toto
1905 3290 2054 3356 Belgio
2073 3297 2165 3341 Do·

509 3354 606 3385 mos
623 3347 666 3388 &
681 3342 883 3409 Collegia
906 3345 1135 3395 fundandi?
1163 3350 1289 3413 Qd
1305 3368 1396 3399 non
1414 3351 1660 3404 Alexandro
1680 3355 1900 3404 Parmensi
1913 3396 1926 3417 ,
1947 3376 2076 3422 quem
2093 3376 2165 3422 ge-

2036 3427 2163 3470 mina:
