2321 4013
259 250 462 303 LissER
495 248 1170 301 PRIMVS.sot21ETAs
1214 261 1551 308 NASCENS.
1645 263 1742 321 153'

54 341 58 374 ἰ
97 338 226 406 quam
252 355 479 402 corporum
498 339 750 384 coniunctio
767 373 778 381 .
817 336 1114 384 Commendet
1145 341 1273 401 igitur
1297 346 1372 403 qui
1386 342 1499 392 volet
1537 342 1747 396 affeetum

54 398 57 448 ἶ
96 403 361 468 coniugalem
377 443 392 464 ,
409 401 594 467 eumq'ue
619 400 643 449 ἐ
660 401 798 465 primii
820 402 881 449 sui
896 405 1063 466 origine
1077 442 1093 462 ,
1106 402 1295 467 not-sique
1311 405 1382 452 ill-91
1399 413 1529 470 primi
1547 416 1736 477 coniugij

54 471 55 476 ’
95 468 387 518 neceflitudine
403 469 568 514 arceffat
584 507 597 528 ,
629 476 709 514 Hoc
727 487 828 514 nunc
843 487 884 515 os
900 486 949 513 ex
965 468 1100 534 offibus
1116 473 1207 516 meh
1228 507 1240 525 2
1281 484 1337 522 (9⁴
1358 491 1440 518 caro
1456 474 1499 520 de
1519 495 1629 523 farne
1643 484 1739 532 mea‘5
1756 491 1859 522 ΟΨ·

52 534 56 588 ξ
95 535 207 583 dabo
223 554 312 582 non
328 534 530 580 inferiora
544 537 589 580 in
605 531 690 579 hoc
708 531 913 597 spirituali
930 537 1150 598 coniugio.
1177 533 1298 582 Ccun
1328 540 1445 583 enim
1475 538 1641 587 caelestis
1665 547 1742 590 Pa-

51 646 55 652 ,
94 618 152 649 ter
165 605 356 647 animam
383 598 572 646 nostram
591 597 698 645 Filio
716 602 791 646 suo
816 597 1062 663 desponsare
1079 617 1319 664 percuperet
1342 607 1354 655 (
1383 601 1489 666 quid
1506 622 1594 651 non
1622 625 1742 655 com-

51 692 54 717 ;
94 683 256 714 memus
275 666 334 712 est
349 665 589 729 ingeniosus
608 675 748 711 amor?
767 668 1037 722 >imitatione
1053 663 1242 728 quddam
1274 670 1422 728 prioris
1452 667 1562 715 illius
1581 674 1743 721 inuenti

50 742 54 770 ἒ
92 730 270 779 immisit
283 732 479 794 soporem
497 732 541 776 in
558 728 735 776 alterum
751 728 867 776 hunc
882 729 1125 790 Adamum,
1142 729 1249 776 dum
1260 730 1385 778 illum
1399 733 1534 781 nostri
1552 737 1744 786 caussam

49 837 53 851 ,
92 815 256 843 crucem
271 799 418 843 aStum
435 812 593 842 (eterno
608 793 787 843 consilio
817 795 978 843 decreta
992 812 1132 845 morte
1148 797 1392 860 consopiuit
1409 818 1419 844 τ
1442 808 1485 846 &
1504 798 1560 846 fic
1577 805 1742 850 intimis

49 889 53 912 ι
93 861 227 909 cordis
246 859 527 926 penetralibus
543 859 686 908 lancea
703 861 920 926 patefastis
951 879 999 907 ex
1012 860 1130 908 ostro
1146 859 1222 908 illo
1246 862 1415 926 pretiosi
1430 865 1642 928 sanguinis
1672 868 1742 915 de-

93 928 290 976 stinatam
319 925 424 974 Filio
452 927 527 973 suo
545 928 741 991 sponsam
757 924 972 974 nobiliore
986 925 1074 973 vit-<3
1091 928 1356 974 reformauit.
1385 934 1430 976 O
1450 929 1544 978 vere
1558 933 1676 979 fortis
1696 951 1742 983 vt

92 1011 202 1041 mors
218 991 394 1039 dileetio
410 1032 423 1052 ,
441 991 545 1040 dura
560 991 666 1040 sicut
684 993 871 1039 infernus
889 990 1132 1039 aemulatio!
1152 991 1358 1040 Potuitne
1372 997 1488 1041 Deus
1507 999 1744 1047 immemor

47 1078 52 1116 ς
91 1057 177 1119 Filij
195 1059 320 1117 sui,&
336 1059 416 1104 suae
432 1058 668 1105 Maiestatis
685 1056 804 1123 quasi
819 1062 1055 1105 immemor
1073 1056 1180 1119 fieri,
1193 1058 1364 1106 tantum
1381 1077 1427 1109 vt
1444 1079 1496 1107 ne
1510 1065 1744 1113 immemor

46 1127 49 1174 J
90 1124 182 1172 effer
195 1128 351 1171 amoris
369 1136 381 1169 ἓ
401 1123 479 1170 Sed
495 1124 661 1187 praestat
675 1123 760 1171 hoc
774 1128 931 1171 amoris
946 1123 1200 1187 mysterium
1217 1122 1382 1173 silentio
1396 1133 1595 1189 venerari,
1609 1129 1745 1193 quam

46 1225 48 1250 :
90 1202 238 1255 parum
252 1208 331 1254 pro
349 1189 554 1253 dignitate
569 1188 780 1253 explicare.
813 1193 906 1236 Iam
923 1189 1023 1237 vero
1040 1188 1148 1237 leuia
1161 1208 1244 1255 pra:
1259 1190 1325 1238 his
1339 1192 1517 1239 summis
1539 1203 1581 1242 ὃς
1607 1195 1745 1245 futilia

45 1253 50 1290 ἶ
90 1254 450 1320 videbuntur,queg
465 1254 517 1301 de
531 1255 767 1303 Catharina
781 1253 949 1303 Senensi
963 1252 1199 1320 grauissimi
1216 1260 1405 1304 auctores
1421 1263 1632 1321 memorie
1646 1280 1744 1325 pro·

90 1319 400 1381 diderunt,licet
417 1318 497 1368 fint
512 1322 597 1384 ipsa
611 1340 681 1385 per
699 1323 735 1368 se
754 1325 956 1367 maxima.
979 1321 1113 1386 Qid
1127 1325 1244 1369 enim
1258 1322 1539 1372 admiratione
1555 1325 1741 1390 dignius,

91 1385 222 1452 quam
249 1390 290 1433 C
310 1404 344 1433 H
365 1404 396 1434 R
413 1404 428 1434 1
450 1404 468 1433 s
490 1404 518 1433 T
539 1403 567 1433 v
586 1404 623 1434 M
654 1404 711 1433 ter
743 1390 984 1450 Optimum
1000 1388 1256 1434 Maximum
1283 1407 1354 1435 cor
1381 1394 1556 1454 proprio
1573 1395 1737 1455 pectori

90 1470 332 1517 exemptum
352 1471 453 1498 cum
470 1455 647 1516 virginis
665 1450 776 1498 illius
795 1451 921 1498 corde
936 1452 1202 1516 permutaffe?
1221 1454 1360 1517 Atqui
1376 1453 1499 1502 ludus
1515 1456 1586 1503 hic
1600 1463 1742 1508 amori

91 1517 238 1566 diuino
255 1518 448 1583 quotidie
466 1515 627 1564 luditur
642 1549 654 1577 ,
669 1515 701 1565 fi
714 1536 803 1564 non
819 1534 866 1565 vt
879 1515 1013 1565 oculis
1028 1557 1042 1577 ,
1071 1516 1179 1564 certe
1192 1535 1239 1566 vt
1252 1522 1438 1567 interiori
1454 1521 1744 1572 consolatione

42 1607 47 1624 ἢ
90 1583 341 1648 deprehendi
358 1582 496 1649 possit.
523 1586 596 1630 An
615 1603 704 1631 non
718 1601 819 1648 ergo
833 1581 926 1630 luce
940 1582 1172 1630 meridiana
1186 1582 1350 1645 clarius,
1367 1604 1548 1633 omnem
1564 1593 1741 1637 coniun-

41 1662 47 1695 ἑ
90 1652 293 1711 itionem,
308 1667 658 1714 quantacumque
673 1647 723 1696 sit
735 1689 749 1709 ,
766 1648 820 1696 ab
835 1649 899 1695 his
919 1646 1157 1713 Religionis
1173 1648 1353 1699 vinculis
1369 1691 1382 1711 ‚
1397 1651 1634 1719 diuinotjue
1650 1660 1741 1702 ani-

41 1726 46 1756 ῖ
90 1733 262 1763 morum
277 1731 402 1775 nexu,
418 1713 554 1780 longo
567 1714 819 1762 discriminis
838 1713 1060 1762 interuallo
1075 1719 1292 1780 praeteriri?
1310 1716 1458 1782 Qod
1474 1716 1505 1765 si
1523 1719 1737 1768 interdum
1755 1746 1836 1779 Vm
1845 1758 1925 1793 pra-

40 1778 45 1815 ἕ
89 1799 176 1829 non
192 1779 415 1829 desultoria
429 1785 689 1847 cogitatione
705 1821 719 1841 ,
735 1780 804 1829 sed
818 1797 1013 1828 accurato
1032 1785 1185 1828 mentis
1201 1786 1395 1828 examine
1419 1781 1735 1848 pensitaremus,
1748 1794 1862 1839 standa

90 1846 238 1894 css'sztne
254 1845 404 1912 aliquis
418 1864 508 1895 tam
527 1846 716 1906 demens,
736 1850 812 1912 qui
827 1863 917 1894 tam
935 1863 1185 1911 exoptatum
1203 1851 1360 1895 amoris
1375 1848 1512 1896 foedus
1528 1851 1739 1900 infectum
1748 1842 1838 1885 sum.

90 1910 227 1960 vellet?
247 1912 398 1961 essetne
415 1917 491 1977 qui
508 1913 625 1961 sacris
645 1911 725 1959 illis
741 1916 1012 1978 paupertatis,
1030 1911 1226 1960 castitatis
1248 1922 1291 1961 ὃς
1317 1912 1573 1962 obedientiae
1591 1921 1742 1965 vincu-

89 1975 138 2026 lis
154 1979 339 2043 expediri
352 1977 596 2027 desideraret
615 1990 627 2025 ἓ
642 1977 794 2025 essetne
812 1997 943 2043 quem
960 1977 1219 2026 conditionis
1239 1981 1318 2025 suae
1333 1979 1503 2043 puderet
1518 1999 1587 2028 aut
1603 1988 1741 2046 poeni-

89 2044 353 2093 terceessetne
365 2044 564 2100 tandem(
583 2044 704 2109 quod
722 2048 765 2090 in
784 2044 849 2091 his
865 2048 1025 2109 nuptiis
1047 2044 1287 2092 festennina
1301 2044 1471 2093 licentia
1489 2046 1659 2094 <lictum
1677 2048 1741 2109 sit)

92 2113 165 2174 qui
180 2115 338 2158 votiuae
356 2115 606 2176 paupertatis
627 2114 865 2158 immemor
883 2150 896 2171 ,
921 2127 1113 2157 materna
1127 2111 1263 2157 scruta
1277 2128 1348 2158 aut
1362 2111 1528 2159 fortasse
1541 2112 1740 2162 sulfurata

90 2192 278 2223 ramenta
287 2177 471 2240 specioso
490 2193 737 2223 mercaturae
754 2174 882 2223 titulo
900 2174 1382 2235 cohonestaret,tantum
1397 2192 1451 2223 ne
1463 2177 1624 2225 audiret
1641 2198 1743 2243 pau-

86 2257 235 2304 perum
249 2243 441 2307 sanguis?
461 2246 537 2308 qui
550 2260 615 2289 rus
634 2258 859 2306 paternum
877 2239 1156 2306 hyperbolico
1173 2239 1288 2289 vallo
1306 2246 1488 2306 cingeret
1502 2282 1516 2303 ,
1532 2244 1746 2311 portuque

90 2323 136 2351 ac
151 2306 331 2356 turribus
347 2324 561 2355 exornaret
579 2318 592 2353 ἒ
610 2311 686 2372 qui
702 2306 985 2353 emendicaret
1000 2307 1169 2354 fumosa
1198 2325 1270 2371 per
1287 2311 1390 2354 atria
1407 2326 1514 2354 ceras
1535 2317 1578 2356 δε
1597 2313 1746 2374 ignota

36 2382 40 2426 ζ
90 2370 313 2421 stemmata
329 2414 342 2434 ,
361 2392 413 2420 ne
430 2372 483 2420 ad
498 2390 667 2420 merum
685 2390 750 2419 rus
769 2413 783 2432 ,
801 2370 1095 2438 incultamq'ue
1108 2373 1263 2420 stiuam
1275 2413 1288 2433 ,
1303 2376 1503 2437 pertinere
1519 2373 1743 2425 videretur?

35 2453 39 2466 ³
90 2436 214 2485 Certe
228 2440 443 2504 Sponsum
456 2438 655 2486 nostrum
673 2456 749 2485 nee
763 2436 938 2485 abieetae
954 2437 1311 2498 conditionis,nec
1324 2436 1543 2487 fabrilium
1556 2442 1745 2504 segmen-

34 2505 40 2532 ’ἶ
90 2517 235 2551 torum
254 2504 419 2570 puduit.
448 2505 605 2553 Rursus
626 2544 637 2563 ,
657 2502 687 2551 si
705 2520 807 2552 vota
824 2507 921 2551 Deo
934 2507 1155 2565 virginitas
1176 2502 1393 2552 mentibus
1421 2504 1572 2552 nostris
1592 2504 1746 2554 obuer-

88 2567 248 2630 saretur,
263 2570 413 2618 esse'tne
430 2574 504 2635 qui
523 2569 788 2634 palabundus
804 2586 916 2616 extra
933 2557 1158 2633 Rgigiosae
1174 2568 1394 2617 modestiae
1408 2570 1518 2633 stpta
1533 2587 1651 2618 tanto
1670 2574 1746 2620 fiio

107 2634 272 2683 ‘ericulo
285 2637 455 2683 frenum
472 2635 606 2683 oculis
621 2634 874 2700 indulgeret?
894 2635 1122 2699 praesertim
1137 2634 1236 2681 cum
1251 2635 1386 2682 nostri
1414 2633 1464 2682 sit
1478 2635 1680 2697 Instituti,
1694 2636 1746 2685 li-

89 2649 393 2749 bidinosorum
408 2700 572 2762 oculos,
591 2700 702 2761 illos,
718 2705 917 2765 inquam,
937 2704 1013 2764 qui
1030 2698 1183 2748 florem
1198 2705 1342 2748 omnis
1359 2700 1575 2765 pudicitie
1593 2706 1636 2749 in
1651 2703 1744 2751 vul-

90 2774 135 2811 tu
151 2764 354 2829 delibant,
373 2772 416 2814 in'
432 2784 589 2832 gyrum
605 2771 778 2814 rationis
798 2775 840 2813 ὃς
857 2769 1130 2813 continentia:
1161 2783 1256 2814 tum
1269 2766 1403 2815 verbo
1429 2783 1525 2814 tum
1545 2767 1743 2833 exemplo

90 2845 277 2880 reuocare
292 2871 301 2880 .
342 2837 542 2898 Denique
558 2831 590 2881 fi
606 2833 798 2897 perfeetae
823 2830 1079 2879 obedientias
1098 2829 1300 2880 desiderio
1324 2850 1558 2880 teneremur
1575 2859 1586 2891 3
1622 2837 1740 2882 Deus

89 2897 359 2959 immortalis,
374 2915 552 2964 quantas
572 2902 736 2963 quoties
750 2895 1004 2958 occasiones,
1020 2895 1154 2963 quam
1170 2897 1380 2963 praeclaras
1396 2898 1645 2946 habuimus?

153 2966 260 3010 Haec
273 2968 398 3029 igitur
413 2965 620 3029 sunr,quae
637 2963 844 3011 hodierna
861 2967 985 3028 pasta
999 2980 1212 3011 conuenta
1228 2964 1252 3012 ἃ
1265 2963 1391 3012 nobis
1406 2962 1631 3028 exigunt,si
1646 2965 1737 3011 fian-
1756 2984 1950 3018 fimo-snei

91 3030 207 3075 <stam
224 3029 333 3077 hanc
347 3034 598 3077 Societatem
612 3028 789 3094 ingredi,
808 3028 1014 3077 ad'vitam
1036 3032 1080 3075 in
1096 3028 1142 3077 ea
1155 3028 1361 3094 perpetu&
1379 3029 1617 3095 degendam
1633 3028 1736 3076 veli-
1753 3032 1839 3065 debet
1850 3032 1905 3076 effe

89 3109 185 3140 mus
206 3114 216 3140 τ
234 3095 287 3142 ad
303 3095 426 3160 quod
438 3112 625 3143 extremo
639 3093 736 3142 loco
750 3113 826 3142 vos
845 3112 891 3142 vt
909 3094 1147 3142 exhortarer
1162 3135 1175 3156 ,
1188 3112 1285 3142 tum
1302 3113 1508 3143 votorum
1526 3093 1711 3141 formula
1724 3135 1738 3155 ,
1755 3079 1901 3127 constans.

92 3171 186 3205 tum
197 3161 378 3208 instituti
395 3165 480 3207 mei
495 3165 602 3208 ratio
617 3158 968 3224 postulabat.Fuit
983 3164 1110 3224 igitur
1123 3160 1207 3208 hoc
1221 3160 1329 3208 olim
1341 3165 1384 3208 in
1403 3178 1519 3208 more
1535 3157 1740 3224 pofitum,

30 3255 32 3260 -
93 3240 138 3270 vt
152 3227 195 3270 in
214 3226 382 3274 Boeotia
397 3245 538 3273 currus
556 3225 776 3290 illius,quo
792 3228 916 3274 vesta
929 3243 1016 3272 erat
1029 3224 1083 3273 ad
1096 3225 1201 3273 aedes
1221 3230 1361 3273 mariti
1379 3244 1493 3273 noua
1507 3242 1743 3288 nupta,prae

30 3293 34 3332 Ξ·
91 3287 252 3336 foribus
269 3310 389 3338 axem
409 3291 710 3339 comburerent
725 3331 736 3351 ,
763 3310 816 3338 ne
840 3308 910 3355 per
927 3290 1169 3338 diuortium
1195 3290 1286 3339 vllo
1314 3309 1527 3354 vmquam
1553 3303 1745 3353 tempore

93 3355 313 3417 penatibus
342 3355 421 3404 illis
448 3356 695 3405 valediceret
715 3377 725 3403 τ
747 3355 875 3422 ἱεὶέμιε
887 3374 935 3405 vt
950 3361 1120 3421 Vtrique
1135 3361 1312 3420 coniugi
1329 3355 1435 3403 bene
1453 3371 1623 3402 verteret
1637 3394 1650 3414 ,
1674 3359 1744 3418 pia

28 3433 33 3482 ζ
93 3435 196 3468 vota
207 3421 516 3488 nuncupabant
533 3460 543 3470 .
581 3427 632 3471 Et
648 3441 702 3471 ne
714 3421 808 3470 solis
827 3421 911 3470 hoc
930 3425 1097 3470 Boeotis
1127 3421 1416 3469 existimemus
1445 3419 1555 3468 boni
1580 3423 1742 3467 ominis

1190 3489 1232 3534 V
1605 3485 1740 3546 fuisse,
