2321 4013
392 1127 461 1151 eum
471 1119 575 1162 'Rq-Mae

393 1169 422 1198 C
423 1165 554 1198 ardma-

392 1214 437 1245 lcs
455 1222 578 1260 promo-

392 1271 481 1294 ucnt:

401 2169 458 2202 hac
476 2170 546 2201 ani-

402 2216 510 2251 malms

398 2267 557 2310 Purgato-

400 2312 586 2356 rijsuccur-

401 2370 458 2393 rtt.

411 3076 439 3107 C
441 3082 568 3106 ommu-

410 3122 507 3154 niom's
514 3132 573 3167 ge-

410 3168 594 3212 neralisfre-

411 3219 553 3265 quentin.

598 316 696 364 378
834 316 1069 356 IMAGO
1123 310 1337 357 PRIMI
1382 316 1653 356 SAECVLI
1694 318 1844 357 SOC.
1886 318 2048 358 IESV.
2253 338 2255 380 l

596 388 813 437 Generalis
832 400 1062 439 vocaretur.
1077 392 1239 439 Placuit
1258 394 1420 456 pietatis
1438 390 1616 438 sollertia
1641 391 1775 438 Paulo
1788 396 1843 439 V.
1863 396 2045 439 Summo
2064 392 2255 448 pontifis

595 458 649 513 ci,
669 474 803 518 quam
822 457 898 505 sibi
913 459 935 503 a
953 462 1156 504 Societatc
1172 456 1431 521 propositam
1452 474 1540 503 non
1559 456 1725 502 tantum
1744 456 2016 504 vehementer
2031 437 2255 527 probauir‚l

595 520 664 566 sed
683 525 810 568 ctiam
836 522 960 589 plena
977 521 1215 569 remiffione
1232 539 1456 584 poenarum
1479 520 1639 584 prolixe
1655 520 1961 585 liberaliterque
1978 522 2037 568 est
2058 525 2254 591 profem-2

595 601 672 630 tus.
713 590 810 633 Nec
830 589 931 634 vero
961 591 1072 633 irrita
1099 589 1177 634 fuit
1196 590 1416 633 Societatis
1436 585 1547 649 spes,
1578 604 1656 632 nec
1684 584 1903 632 pontificis
1933 584 2163 637 liberalitas.
2179 595 2254 640 1114

594 667 766 713 gentem
785 651 946 716 vbiquc
963 653 1014 699 ad
1035 657 1297 698 Sacramenta
1320 650 1572 697 concursum
1593 649 1683 696 haec
1701 650 1885 713 publicae
1910 650 2104 699 illecebra
2120 640 2254 718 piem}

596 712 646 761 tis
660 721 823 764 exciuit.
866 722 978 764 Laeta
998 717 1175 763 successu
1200 720 1399 775 Societas,
1418 732 1462 763 vt
1491 719 1565 779 qui
1593 719 1803 762 maximus
1819 732 1905 761 erat
1921 755 1933 775 ,
1950 716 1979 762 si
1996 714 2082 762 fieri
2102 721 2253 786 posset„

597 786 734 827 maior
753 783 848 828 esset
877 786 1090 838 maximo,
1111 785 1291 828 inuitare
1314 781 1410 827 aula
1435 780 1494 827 est
1516 780 1567 827 ad
1595 780 1752 827 sacram
1777 780 1981 826 Hostiam
2006 779 2084 827 illis
2099 783 2253 836 diebus}

594 846 760 909 populo
779 847 1116 894 distribuendam
1140 843 1505 894 Eminentiffimos
1525 850 1563 891 S.
1580 848 1630 893 R.
1650 850 1694 892 E.-
1716 844 1979 901 Cardinales3
1998 843 2114 895 haud
2129 853 2240 902 inani

597 909 666 974 spe
679 910 757 959 fibi
776 911 982 975 pollicita,
1004 912 1093 958 fore
1123 928 1169 959 vt
1190 911 1307 957 sacrae
1320 910 1432 957 illius
1450 914 1648 974 Purpura:
1661 909 1909 974 conspeetus
1928 911 1980 957 ad
1995 914 2113 973 pium
2129 933 2252 971 com-2

598 980 742 1023 munis
767 981 932 1040 pietatis
954 974 1210 1040 obsequium
1236 973 1273 1021 se
1298 974 1572 1035 demittentis,
1587 974 1766 1022 alterum
1789 975 1899 1034 effer,
1916 993 1993 1021 nec
2015 979 2149 1038 priore
2165 973 2251 1036 missl

598 1041 674 1087 nus
695 1047 1077 1104 potens,omniurn
1103 1043 1155 1087 ad
1179 1039 1356 1087 caelestes
1376 1039 1520 1103 epulas
1545 1045 1894 1087 inuitamentum.
1928 1039 2070 1087 Fecere
2085 1043 2182 1091 vero
2198 1040 2251 1096 acl

599 1103 778 1153 libenter
803 1107 925 1171 quod
943 1107 1202 1170 rogabantur
1219 1104 1553 1152 Eminentissimi
1574 1104 1765 1153 Ecclefiae
1784 1109 1990 1162 Proceres;
2009 1113 2052 1151 &
2071 1105 2152 1154 hoc
2169 1097 2251 1161 suo!

601 1171 838 1218 ministerio
859 1176 901 1218 in
916 1172 1179 1229 immensum
1201 1188 1348 1217 auxere
1365 1189 1593 1217 numerum
1621 1170 1893 1237 gestientium
1914 1189 1961 1216 ex
1978 1156 2251 1247 nobilissirnisl

600 1234 681 1282 illis
705 1236 903 1283 manibus
927 1253 1089 1282 atternae
1105 1235 1244 1283 salutis
1264 1240 1419 1300 pignus
1440 1241 1638 1300 accipere.
1667 1239 1814 1299 Itaque
1838 1233 2023 1283 dubium
2049 1236 2121 1296 est,
2139 1239 2255 1314 sitne}

601 1320 648 1347 ea
679 1300 898 1348 celebritas
927 1300 1101 1349 vitalem
1131 1301 1277 1349 cibum
1302 1304 1601 1364 accipientium
1621 1301 1881 1366 frequentia,
1899 1319 1950 1346 an
1968 1299 2167 1364 praebenti
2201 1317 2250 1373 ml*

601 1366 811 1430 dignitate
826 1364 1166 1427 memorabilior.
1214 1365 1368 1431 Qale
1392 1371 1508 1413 enim
1522 1365 1811 1431 spestaculum
1829 1365 1912 1425 est,
1931 1365 2001 1413 illa
2016 1322 2250 1435 sacriSeila-}

600 1447 666 1477 tus
682 1431 833 1479 decora
848 1451 896 1478 ac
910 1430 1106 1496 insignia,
1124 1430 1217 1478 illos
1231 1430 1422 1480 Ecclefiae
1438 1435 1648 1478 Primores
1671 1431 1815 1480 videre
1836 1449 1935 1477 cum
1949 1431 2099 1495 populi
2123 1437 2249 1508 pieta-l

601 1512 640 1542 te
659 1514 874 1556 certante53
893 1495 990 1544 cum
1006 1514 1054 1542 ex
1072 1496 1154 1543 illis
1182 1514 1365 1561 quatuor
1380 1495 1614 1561 aliquando
1629 1536 1642 1556 ,
1669 1514 1739 1544 aut
1756 1500 1946 1560 quinque
1959 1535 1972 1555 ,
1991 1496 2162 1546 diuersis
2179 1511 2249 1555 (το-4

601 1557 702 1608 dem
727 1567 770 1609 in
798 1562 966 1627 templo
984 1562 1101 1621 locis,
1118 1561 1359 1627 eodeincjue
1381 1579 1570 1626 tempore
1584 1601 1598 1621 ,
1614 1561 1668 1608 ad
1688 1561 1842 1608 multas
1866 1561 1985 1607 horas
2014 1559 2248 1634 augustissi-}

602 1644 726 1685 mum
747 1628 998 1692 mysterium
1016 1627 1133 1674 tanta
1147 1631 1398 1674 animorum
1415 1629 1632 1692 voluptate
1648 1625 1906 1674 distribuunt
1920 1665 1933 1685 ,
1957 1628 2114 1689 quanta
2137 1630 2247 1679 istud:

602 1691 840 1757 frequentia
857 1712 906 1740 ac
924 1698 1194 1740 veneratione
1208 1694 1340 1740 tnxbae
1352 1692 1558 1756 supplices
1572 1696 1811 1756 accipiunt?
1830 1691 1964 1738 Censa
1989 1690 2084 1739 sunt
2097 1670 2247 1768 Romael

602 1774 694 1804 vno
711 1762 755 1805 in
770 1757 950 1822 templo,
967 1776 1055 1805 vno
1068 1757 1152 1818 die,
1170 1758 1305 1804 modo
1320 1758 1516 1818 sedecim,
1531 1757 1670 1804 modo
1694 1760 1864 1821 viginti,
1878 1756 2112 1820 aliquando
2125 1761 2242 1808 etiam>

606 1825 780 1885 triginta
806 1822 943 1870 millia
967 1822 1086 1870 sacra:
1114 1823 1267 1870 mensa:
1297 1821 1665 1869 accumbentium.
1705 1826 1823 1869 Hinc
1848 1838 2077 1885 propagata
2094 1826 2136 1871 in
2154 1770 2246 1899 reli<l

605 1905 744 1950 quum
770 1888 924 1936 orbem
956 1905 1161 1935 terrarum
1188 1893 1256 1951 pia
1281 1887 1545 1935 consuetudo
1560 1928 1572 1948 ,
1591 1888 1737 1934 eadem
1766 1887 1885 1934 illam
1921 1889 2245 1965 commendantcj

605 1970 654 1998 ac
672 1957 833 2001 mirum
852 1957 896 2000 in
923 1954 1107 2001 modum
1126 1952 1383 2017 prouehente
1398 1951 1661 2000 Pontificum
1680 1952 1813 2017 gratia
1827 1971 1874 1998 ac
1889 1950 2155 2016 liberalitate,
2173 1968 2245 2036 pa«.

606 2034 694 2063 rem
710 2020 869 2084 vbique
888 2037 965 2082 pro
981 2018 1133 2082 populi
1145 2019 1282 2065 modo
1295 2018 1486 2065 ardorem
1499 2022 1665 2065 inuenit
1676 2034 1804 2083 atque
1821 2016 2090 2066 concursum.
2188 2074 2191 2075 ⁷
2240 2043 2244 2084 ἱ

673 2084 829 2148 Neque
848 2084 918 2129 liic
932 2084 1046 2131 stetit
1062 2088 1132 2147 pia
1149 2087 1364 2130 Societatis
1382 2084 1587 2131 industria
1601 2123 1614 2143 ,
1630 2101 1724 2148 quae
1742 2082 1903 2146 semper
1927 2085 1969 2129 in
1988 2086 2244 2164 incremento}

608 2146 681 2195 est.
701 2148 928 2213 Tangebat
954 2147 1073 2195 illam
1102 2148 1416 2195 commiseratio
1441 2153 1684 2196 animarum
1706 2151 1749 2195 in
1771 2147 2049 2212 purgantibus
2067 2146 2243 2204 flammis!

608 2229 800 2261 veterum
827 2213 1047 2262 malorum
1078 2232 1226 2277 poenas
1252 2214 1533 2277 pendentium
1549 2254 1561 2274 ,
1587 2214 1708 2261 tanto
1742 2213 1992 2277 digniorum
2018 2232 2100 2275 ope
2127 2188 2243 2278 atquel

609 2277 797 2326 subfidio
812 2318 824 2338 ‚
842 2278 1007 2344 quanto
1025 2289 1068 2326 δε
1087 2297 1225 2342 poenae
1254 2280 1349 2326 sunt
1379 2283 1600 2326 atrociores
1615 2317 1628 2335 ,
1658 2277 1888 2326 &illarum
1912 2295 1988 2324 reae
2013 2277 2090 2326 fibi
2113 2253 2242 2378 minius

609 2344 811 2406 opitulari
827 2346 1008 2407 possunt.
1050 2347 1196 2409 Itaque
1218 2345 1299 2391 hac
1317 2344 1385 2407 pia
1407 2343 1628 2403 Pontificis
1653 2342 1903 2391 liberalitate
1927 2343 1980 2389 ad
1993 2360 2138 2391 earum
2155 2342 2236 2392 sub-

608 2406 768 2456 sidium
787 2410 1088 2473 vsa,magnum
1104 2414 1147 2457 in
1159 2414 1314 2456 animis
1325 2409 1558 2457 hominum
1572 2410 1729 2457 eisdem
1744 2408 1985 2471 opitulandi
2002 2405 2236 2456 defiderium

609 2475 824 2532 accendit,
842 2473 1069 2540 effecitque
1094 2474 1286 2537 pluribus
1304 2474 1406 2521 locis
1419 2491 1464 2523 vt
1481 2475 1549 2522 hic
1564 2475 1673 2522 sacer
1686 2474 1897 2521 thesaurus
1917 2470 2033 2520 null-3.
2054 2477 2236 2525 viuorum

608 2540 786 2599 iaetura,
806 2544 912 2605 quin
932 2545 1062 2588 etiam
1079 2540 1361 2604 compendio,
1380 2543 1423 2585 in
1441 2540 1747 2587 defunctorum
1763 2537 1960 2602 solatium
1987 2555 2114 2603 atque
2139 2537 2225 2588 vuli

609 2620 740 2653 tatem
769 2623 883 2653 totus
922 2605 1055 2653 cedat.
1112 2611 1322 2670 Qantos
1356 2604 1518 2668 vbique
1563 2623 1706 2652 motus
1739 2622 1835 2669 erga
1872 2603 2090 2652 destitutas
2129 2608 2239 2661 omni

609 2688 708 2733 ope,
729 2670 938 2735 tantisq'ue
954 2676 998 2718 in
1016 2671 1269 2718 cruciatibus
1302 2671 1497 2718 haerentes
1522 2676 1711 2730 animas,
1733 2672 1920 2716 concitat
1948 2667 2097 2732 paffim
2131 2663 2239 2741 insita*

611 2738 781 2782 cunetis
798 2737 1029 2783 miseratio?
1049 2736 1128 2782 hos
1146 2754 1236 2783 tam
1256 2736 1377 2784 sentit
1401 2735 1577 2799 quisque
1592 2736 1725 2800 quam
1744 2737 1786 2781 in
1807 2734 1897 2782 aliis
1922 2734 2055 2783 videt.
2074 2732 2238 2799 Nihilo-J

613 2803 758 2846 minus
777 2800 888 2846 hanc
907 2817 1231 2865 auget,quanru
1241 2820 1281 2847 m
1301 2802 1454 2865 potest,
1479 2805 1662 2848 Societas
1680 2799 1850 2864 lugubri
1868 2799 2066 2846 altarium
2087 2803 2237 2858 ornatui

614 2862 766 2910 tabulis
794 2865 1040 2912 miserarum
1066 2882 1277 2913 tormenta
1304 2867 1472 2913 facilem
1489 2864 1558 2912 'ue
1586 2870 1795 2913 rationem
1812 2864 1892 2911 illis
1911 2862 2171 2912 succurrendi
2189 2862 2237 2918 κζ

614 2929 990 2992 praesentantibus,
1013 2931 1175 2978 acribus
1205 2931 1490 2979 exhortationi
1527 2949 1600 2991 us,
1630 2929 1773 2978 modis
1813 2928 1981 2977 muficis
2010 2930 2064 2977 ad
2088 2927 2236 2984 lustum

615 2993 880 3058 compositis,
899 2994 1054 3042 libellis
1069 2996 1190 3043 editis
1204 3034 1216 3054 ,
1248 2996 1419 3061 aliisq'ue
1438 3000 1517 3061 piis
1545 2999 1725 3043 inuentis
1749 2995 2162 3042 commiserationem
2184 2999 2235 3047 ve}

617 3060 955 3123 prouocantibus
973 3059 1039 3108 vel
1062 3079 1111 3107 au
1118 3061 1333 3125 gentibus.
1365 3064 1434 3107 De
1452 3060 1604 3125 populi
1628 3060 1831 3108 concursu
1860 3058 1966 3123 quid
1983 3064 2128 3107 attinet
2142 3054 2234 3111 dice-l

618 3141 676 3182 re,
700 3125 798 3172 cum
816 3129 1020 3172 omnium
1037 3126 1198 3190 vbique
1221 3125 1355 3172 oculis
1379 3137 1545 3187 pateat?
1572 3144 1650 3172 nec
1672 3142 1817 3172 tamen
1836 3128 2022 3171 omnino
2048 3121 2234 3201 filendunff

617 3189 803 3248 videtur,
820 3187 918 3237 cum
933 3194 1134 3237 omnium
1160 3189 1274 3237 oculi
1300 3191 1447 3237 itidem
1470 3209 1515 3239 vt
1535 3209 1655 3237 mens
1675 3199 1718 3236 &
1744 3193 1948 3253 cogitatio
1971 3191 2122 3252 quouis
2139 3186 2232 3257 locoj

618 3272 711 3301 rum
729 3259 982 3318 peregrinari
996 3272 1085 3302 non
1103 3254 1274 3319 poffint.
1303 3254 1532 3318 Olisipone
1544 3254 1787 3319 nuperrime
1805 3272 1848 3301 in
1867 3253 1954 3301 aede
1974 3258 2142 3300 Domus
2155 3258 2232 3314 pro}

616 3319 724 3366 fessae
739 3324 956 3368 Societatis
971 3323 990 3365 Ι
1003 3337 1028 3366 E
1042 3338 1062 3367 s
1075 3338 1102 3367 v
1124 3323 1279 3382 viginti
1294 3324 1487 3384 quinque
1505 3318 1641 3368 millia
1655 3320 1864 3366 sacrarum
1894 3318 2143 3365 Hostiarum
2166 3317 2231 3382 vn53

616 3384 831 3434 eiusmodi
854 3385 922 3434 die
939 3385 1034 3433 sunt
1051 3384 1275 3433 distributa
1288 3409 1301 3444 5
1319 3384 1424 3432 alibi
1440 3385 1556 3433 haud
1580 3383 1720 3433 multo
1745 3387 1991 3449 paucioreS,
2010 3382 2116 3494 alibfi
2128 3383 2230 3490 criasi}

2111 3461 2195 3493 orta
2226 3459 2230 3488 ι*
