2326 4080
406 556 447 596 M
460 566 483 589 Α
495 566 518 590 R
530 567 541 588 1
553 564 578 587 A

402 607 568 651 ignatium

404 663 444 688 C„
460 655 565 684 Socie-

608 350 676 397 72
866 346 1119 389 IMAGO
1154 347 1368 390 PRIMI
1411 346 1672 387 SAECVLI
1719 347 1866 389 SOC.
1912 349 2083 390 IESV.

601 436 701 465 men
738 414 948 466 beneficia
989 418 1057 468 vel
1096 419 1402 486 impetrando,
1441 418 1508 468 vcl
1539 417 1593 465 ad
1626 422 1878 467 Societatem
1910 419 2252 485 transmittendo,

600 485 727 531 faciat
741 483 825 530 sua.

670 549 780 595 Felix
790 567 889 614 ergo
909 555 1108 611 Societas,
1125 555 1167 599 in
1181 570 1314 616 quam
1332 568 1421 599 tam
1439 547 1575 596 dulcis
1592 552 1833 595 certaminis
1850 548 2009 595 fructus
2026 549 2251 608 redundat5

602 617 670 660 cui
684 631 728 662 vt
745 614 1024 673 benefaciant,
1042 633 1200 664 certant
1221 621 1352 665 Insvs
1383 625 1426 664 ὃς
1451 618 1655 661 MARIA.
1687 617 1842 660 Parum
1862 614 1966 672 dixi,
1984 619 2166 663 Societas
2182 622 2252 666 ΙΕ-

402 710 503 734 tasem
515 701 584 732 Deo
604 695 676 738 sv,
689 696 851 742 quanta
875 699 1036 745 quanta
1054 683 1128 741 est,
1148 680 1408 729 beneficium
1426 680 1485 727 est
1501 680 1742 735 MARIAE,
1764 682 1866 742 quia
1889 681 2107 727 MARIAE
2124 682 2251 731 debet

397 750 531 795 peperit.

403 819 495 848 matus
511 820 561 848 1.1.

399 866 508 897 Cap.34.

390 1608 431 1640 B,
451 1606 546 1654 Virgo

387 1663 521 1700 apparet

388 1705 523 1749 Ignatio.

602 747 820 807 Ignatium
842 784 855 805 ,
883 756 925 794 &
943 751 986 793 in
1006 749 1176 811 Ignatio
1198 746 1237 794 se
1265 763 1418 794 totam.
1454 748 1550 792 Nec
1566 749 1684 790 enim
1697 744 1756 790 est
1779 743 2110 808 ambigendum,
2129 763 2174 795 vt
2190 753 2250 796 ait

600 809 742 855 Platus
759 812 922 869 noster,
953 816 1060 875 quin
1082 815 1269 876 Ignatius
1288 813 1502 859 Societatis
1520 809 1750 867 Fundator,
1768 809 2138 876 quantuscumque
2151 813 2248 875 fuit,

596 892 703 937 opus
723 879 913 939 Virginis
934 877 1072 923 fuerit.
1100 876 1232 925 Illum
1252 881 1369 923 enim
1395 880 1494 924 vitae
1514 873 1685 920 meliori
1710 876 1945 944 milericors
1966 877 2107 922 Mater
2122 895 2250 942 pepe..

596 943 664 997 rit3
684 943 826 988 viuere
844 945 1141 1004 incipientem,
1160 942 1311 990 caelesti
1325 940 1576 989 solatiorum
1589 938 1704 988 velut
1718 937 1826 984 laete
1841 940 1965 996 fouit,
1977 939 2245 1003 crescentem,

596 1022 669 1067 per
693 1005 797 1052 dura
821 1014 865 1054 δε
884 1006 1056 1053 aduersa
1083 1007 1136 1054 ad
1161 1007 1453 1054 Christianam
1482 1003 1779 1052 fortitudinem
1798 1003 2018 1063 educauit3
2047 1006 2246 1058 adultum

595 1071 804 1134 denique,
824 1072 878 1118 ad
902 1072 1093 1130 virilem,
1116 1089 1162 1120 vt
1185 1077 1241 1120 ita
1263 1072 1433 1130 dicam,
1459 1078 1501 1118 δε
1518 1069 1740 1116 robustam
1759 1071 1922 1116 virtutis
1947 1088 1995 1117 ac
2012 1069 2245 1122 satientatis

593 1139 887 1182 maturitatem
904 1136 1114 1200 perduxit,
1134 1145 1176 1184 δε
1203 1141 1246 1183 in
1265 1140 1488 1195 Societate,
1501 1152 1635 1198 quam
1650 1138 1820 1181 interim
1839 1134 2120 1197 moliebatur,
2139 1157 2245 1186 con-
2293 1173 2299 1181 .

592 1198 730 1246 denda
756 1199 1024 1248 laborantem
1050 1200 1256 1265 perpetuo
1284 1204 1408 1248 iuuit.
1460 1202 1649 1247 Animos
1676 1198 1843 1246 suffecit
1865 1217 1911 1249 Vt
1932 1202 2246 1266 aggrederetur,

591 1263 839 1312 facultatem
857 1282 900 1313 vt
918 1266 1063 1329 poffet.
1104 1267 1205 1314 Vitsi
1231 1269 1350 1313 enim
1380 1264 1494 1314 noua
1519 1269 1605 1311 iam
1625 1263 1854 1312 deliberat-3.
1878 1266 2103 1313 feruentior
2117 1271 2244 1333 Igna-

589 1332 688 1388 tius,
703 1328 802 1375 cum
818 1347 910 1376 toto
925 1334 1092 1390 animo,
1108 1332 1292 1396 totoque
1309 1349 1503 1395 corpore,
1520 1346 1616 1376 ante
1627 1330 1782 1377 Matris
1800 1328 2135 1379 clementissimae
2146 1353 2244 1397 pro-

589 1392 737 1439 stratus
753 1394 938 1458 effigiem
955 1395 1128 1459 supplex
1139 1412 1342 1453 oraret,vt
1359 1398 1526 1444 aditum
1543 1394 1621 1442 fibi
1642 1395 1793 1443 faceret
1807 1395 1861 1442 ad
1879 1395 1968 1455 Filij
1986 1397 2244 1462 obsequium

588 1465 634 1504 &
653 1461 863 1521 gratiam3
890 1461 1059 1524 repente
1085 1460 1225 1509 solum
1251 1465 1506 1522 intremuit,
1541 1462 1772 1526 totumque
1798 1460 2047 1510 cubiculum
2080 1467 2243 1527 ingenti

586 1539 709 1570 motu
730 1526 980 1572 concussum
1008 1526 1080 1573 est.
1109 1530 1298 1574 Exoratae
1325 1527 1369 1574 id
1391 1529 1583 1590 Virginis
1609 1525 1778 1589 signum
1805 1526 1939 1586 fuisse,
1955 1526 2155 1576 credibile
2168 1532 2240 1580 est.

588 1589 841 1653 Antequam
868 1595 986 1638 enim
1013 1591 1035 1638 ὲ
1058 1593 1228 1654 paternii
1239 1592 1379 1639 domo
1402 1590 1625 1639 excefliss‘et
1644 1594 1835 1656 Ignatius
1850 1630 1864 1652 ,
1887 1592 2076 1656 quadam
2095 1598 2241 1660 no<ste,

589 1652 695 1700 dum
717 1654 883 1719 vigilat,
903 1656 1196 1721 augustissima
1212 1657 1358 1722 specie,
1381 1657 1606 1721 multoque
1624 1655 1790 1703 lumine
1818 1658 2070 1706 circumfusa
2085 1663 2240 1726 Virgo,

586 1737 770 1782 puerum
785 1724 934 1769 115va
955 1726 999 1769 in
1012 1721 1122 1771 vlnis
1138 1722 1321 1787 gestans,
1337 1722 1612 1786 spectandam
1630 1721 1668 1768 se
1684 1721 1748 1769 illi
1761 1721 2026 1787 aliquamdiu
2041 1725 2238 1788 praebuit,

587 1784 751 1849 (Qalss
769 1785 861 1833 haec
885 1803 972 1834 erat
997 1787 1140 1835 scena?
1173 1787 1450 1851 Adspiciebat
1476 1791 1664 1851 Ignatius
1678 1791 1933 1852 Virginem,
1958 1791 2099 1854 'Virgo
2114 1792 2240 1856 Igna.

583 1853 694 1896 tium
712 1875 723 1908 3
750 1859 793 1898 &
815 1857 1016 1916 quamuis
1034 1856 1173 1900 tacitis
1191 1857 1408 1918 Vtrimque
1423 1852 1631 1911 vultibus,
1653 1870 1776 1900 amor
1788 1869 1931 1900 tamen
1951 1852 2053 1902 hinc
2068 1855 2239 1905 addice-

583 1912 657 1962 bat
687 1934 868 1964 omnem
897 1935 1044 1965 curam
1062 1958 1076 1979 ,
1104 1918 1224 1966 illinc
1240 1936 1374 1966 omne
1395 1917 1676 1983 promittebat
1703 1918 1973 1983 obsequium.
2003 1922 2113 1967 Non
2129 1940 2239 1987 opus

580 1997 667 2027 erat
692 1981 831 2030 verbis
845 2018 858 2040 ,
891 1983 967 2032 vbi
991 2001 1114 2031 amor
1129 2000 1219 2031 tam
1242 1985 1452 2031 facundus
1470 1999 1582 2042 erat,
1606 1987 1785 2048 quinon
1802 2000 1964 2048 poterat
1981 1987 2058 2032 effe
2073 2004 2236 2050 mutus,

580 2049 682 2109 quia
707 2063 793 2094 erat
819 2066 1008 2096 mutuus.
1059 2049 1137 2099 Sed
1162 2068 1239 2097 nec
1262 2050 1418 2097 otiosus
1437 2066 1536 2096 erat.
1566 2067 1616 2095 ex
1632 2048 1712 2096 illis
1733 2053 1893 2113 quippe
1917 2049 2051 2097 oculis
2078 2050 2159 2099 tela
2190 2063 2237 2103 δε

577 2111 687 2158 faces
719 2113 918 2162 vibrabat
932 2152 945 2175 ,
968 2114 1126 2179 quibus
1147 2133 1220 2179 per
1238 2133 1421 2162 omnem
1443 2113 1599 2162 deinde
1621 2118 1756 2162 vitam
1776 2114 1938 2161 saucius
1962 2117 2041 2163 iuit
2063 2123 2108 2163 &
2139 2118 2236 2169 arfit

580 2177 784 2238 Ignatius.
807 2183 919 2242 Quis
941 2184 1058 2228 enim
1078 2197 1182 2228 tunc
1201 2179 1312 2228 illius
1337 2179 1474 2227 sensus
1493 2181 1597 2238 fuit,
1610 2179 1732 2244 quod
1751 2179 1974 2243 gaudium,
1990 2199 2086 2246 quae
2101 2181 2236 2243 felici-j

578 2245 674 2288 tatis
704 2242 786 2289 suae
809 2245 1066 2306 admiratio,
1101 2245 1200 2293 cum
1231 2246 1341 2295 vidit
1358 2244 1455 2292 illos
1481 2244 1630 2292 oculos
1662 2248 1706 2291 in
1732 2244 1771 2291 se
1795 2248 2014 2293 conieetos
2032 2285 2045 2305 ,
2073 2248 2234 2311 quibus

577 2307 699 2353 Deus
718 2308 803 2371 ipse
822 2311 983 2374 adspici
1001 2311 1157 2375 gaudet
1175 2322 1188 2357 ?
1207 2310 1304 2358 cum
1321 2311 1430 2359 vidit
1445 2310 1541 2358 illos
1557 2308 1705 2357 oculos
1719 2313 1761 2356 in
1775 2310 1813 2357 se
1830 2310 1922 2375 figi,
1942 2310 2098 2375 quibus
2113 2332 2235 2361 mor-

580 2370 709 2418 talem
735 2374 890 2438 adspici
912 2375 973 2422 est
997 2376 1293 2423 immortalem
1319 2375 1425 2437 fieri,
1444 2376 1504 2423 est
1519 2379 1652 2440 perire
1667 2392 1758 2422 non
1773 2377 1901 2439 posse,
1918 2377 1976 2424 est
1993 2375 2099 2423 caelo
2110 2381 2234 2426 Deo..

578 2434 662 2499 c'jue
689 2437 870 2486 donari?
901 2444 1049 2504 Itaque
1079 2441 1300 2506 adspectus
1327 2442 1397 2489 hic
1427 2459 1580 2489 omnes
1609 2440 1673 2488 illi
1699 2445 1894 2506 vanitatis
1926 2440 2141 2490 illecebras
2169 2462 2232 2491 re-

574 2501 702 2563 pente
720 2507 763 2549 in
784 2505 1005 2553 fastidium
1025 2511 1146 2554 vertit
1161 2546 1173 2566 ,
1192 2506 1450 2572 tantumque
1466 2510 1669 2571 virginea:
1686 2510 1877 2569 puritatis
1902 2524 2096 2554 amorem
2121 2512 2232 2557 inie-

573 2570 647 2626 cit,
665 2584 710 2615 vt
729 2587 880 2617 omnes
901 2588 1040 2618 rerum
1069 2572 1288 2619 foedarum
1307 2580 1351 2620 &
1370 2572 1630 2619 caducarum
1649 2574 1856 2634 imagines
1879 2590 1929 2618 ex
1951 2575 2039 2618 eius
2057 2591 2232 2622 memo-

573 2631 634 2678 ria
665 2638 832 2694 penitus
852 2636 1076 2684 deterserit.
1116 2640 1303 2684 Donum
1330 2637 1415 2685 hoc
1442 2653 1530 2684 tam
1549 2640 1755 2683 eximium
1785 2638 1955 2699 Ignatio
1976 2636 2074 2685 cum
2094 2639 2227 2698 dedit,

573 2713 628 2741 an
649 2715 740 2743 non
761 2716 850 2748 tam
874 2703 1101 2750 manifesto
1127 2701 1248 2766 signo
1272 2702 1390 2750 suam
1411 2701 1471 2749 illi
1490 2701 1678 2748 ostendit
1696 2700 2229 2763 beneuolentiam,mater-

572 2762 764 2826 namque
793 2784 957 2826 curam,
988 2767 1120 2830 quam
1149 2764 1287 2814 multa
1312 2766 1425 2831 prius
1441 2765 1634 2830 claraque
1659 2769 1703 2813 in
1731 2766 1826 2829 luce
1850 2766 2090 2815 ostenderat
2117 2768 2226 2818 sese?

574 2826 669 2872 Iam
686 2845 808 2875 mora
837 2829 923 2886 illa,
939 2833 1024 2895 qua
1051 2831 1324 2896 speetandam
1344 2833 1382 2880 se
1398 2833 1534 2891 dedit,
1546 2830 1654 2896 quid
1670 2830 1927 2896 significauit
1943 2831 2076 2889 aliud,
2090 2836 2228 2898 quam

572 2889 614 2936 se
630 2893 799 2955 Ignatio
816 2893 935 2958 quasi
961 2901 1004 2943 in
1035 2902 1237 2960 proximo
1256 2899 1418 2962 semper
1450 2898 1729 2957 adstituram,
1761 2915 1943 2961 pronam
1971 2901 2015 2944 in
2044 2898 2161 2947 dona
2179 2909 2226 2950 &

573 2954 921 3005 munificentiam
943 2971 956 3005 ?
984 2965 1144 3026 Neque
1162 2967 1279 3009 enim
1294 2966 1482 3027 Ignatius
1504 2980 1716 3026 vmquam
1735 2963 1931 3026 deinceps
1951 2961 2069 3010 illam
2088 2963 2225 3013 abesse

572 3019 711 3078 sensit,
726 3022 804 3069 nisi
825 3024 943 3088 quod
960 3026 1096 3072 oculis
1115 3045 1211 3074 eam
1230 3027 1390 3091 semper
1412 3045 1502 3075 non
1521 3026 1687 3074 viderit.
1726 3027 1932 3075 Ceterum
1951 3043 2041 3074 tam
2062 3034 2224 3078 eximio

570 3083 650 3132 illo
673 3089 715 3131 in
734 3090 905 3136 Ducem
929 3091 1128 3138 nostrum
1152 3092 1363 3139 beneficio
1388 3090 1713 3139 clementissima
1731 3096 1815 3139 Dei
1829 3095 1970 3140 Mater
1986 3093 2109 3140 tanto
2126 3097 2224 3143 ant&

568 3167 830 3213 praemonere
852 3171 930 3200 nos
957 3154 1125 3215 voluit,
1154 3157 1280 3203 huius
1305 3160 1500 3204 minimae
1526 3160 1742 3204 Societatis
1770 3174 1996 3221 patronam
2021 3160 2135 3222 apud
2157 3165 2221 3209 Fi-

568 3214 678 3262 lium
696 3215 818 3264 suum
843 3217 1006 3282 semper
1030 3220 1069 3267 se
1090 3221 1206 3277 fore3
1226 3221 1411 3286 sibique,
1431 3220 1664 3269 secundum
1685 3225 1849 3283 Deum,
1864 3238 2059 3287 oportere
2074 3223 2221 3273 admi-

568 3280 747 3328 rabilem
766 3287 853 3329 eius
878 3301 1021 3332 ortum
1040 3286 1331 3351 secundosque
1347 3285 1799 3350 progreffiisadscribi3
1827 3306 1903 3335 nec
1915 3287 2087 3335 aliunde
2103 3289 2220 3337 caele-

570 3345 649 3391 stia
666 3345 792 3394 nobis
807 3347 1009 3411 speranda
1024 3349 1242 3416 praesidia,
1269 3349 1351 3399 nisi
1371 3369 1419 3398 ex
1434 3352 1548 3416 ipsa,
1565 3353 1684 3398 cuius
1696 3369 1775 3400 nos
1793 3355 1911 3401 Deus
1925 3350 2067 3401 tutclae
2078 3353 2218 3404 voluit

568 3409 645 3458 effe
668 3413 926 3465 commissos.

2080 3482 2216 3532 Porro
