2321 4013
213 278 418 323 LIBER
455 274 771 318 TERTIVS.
816 275 1164 317 SOCIETAS
1202 279 1444 322 AGENS.
1588 286 1692 336 411

33 363 37 410 ί
57 363 188 413 diuini
208 355 325 406 verbi
345 351 669 419 praedicatione,
686 352 780 402 vtili
808 350 1022 400 librorum
1049 351 1393 413 elucubratione,
1410 359 1701 427 omnibusque

34 428 222 478 :tandem
249 425 405 469 virium
438 427 480 464 δε
509 422 669 482 ingenij
694 423 858 477 neruis,
880 418 986 464 fessis
1015 418 1251 465 Christiani
1274 421 1391 468 orbis
1420 423 1541 471 rebus
1561 434 1602 472 &
1634 432 1698 473 in-

34 509 38 538 :
56 487 291 542 commodis
310 482 906 548 subueniunt,improbitatem
928 482 1252 546 profligant‚tuo
1268 490 1442 533 nomini
1457 490 1698 553 tropbaeum

57 556 192 622 spoliis
233 550 422 598 hostium
463 566 590 612 graue
622 548 966 613 quaquauersum
998 552 1166 613 erigunt
1194 548 1406 613 fidissimi
1427 556 1700 619 triumphan-

36 628 106 672 ztis
121 616 416 668 Dei-hominis
428 613 564 661 baiuli
583 619 881 679 &portitores.
922 618 1028 660 Sunt
1053 613 1159 660 certe
1183 613 1275 663 haec
1291 614 1422 680 longe
1438 622 1624 668 maxima
1640 622 1701 669 fa-

37 728 40 736 ,.
58 691 163 736 uoris
178 697 426 748 argumenta
439 716 454 736 ‚
477 695 571 725 tum
591 680 843 728 mortalium
860 677 1105 739 necessitati,
1122 693 1217 726 tum
1232 684 1460 729 Sociorum
1477 702 1702 733 commen«

37 753 215 801 *dationi
243 746 298 795 ab
330 744 581 792 inexhausto
609 745 827 792 bonorum
845 748 1050 791 omnium
1073 744 1193 791 fonte
1217 748 1262 793 in
1285 745 1556 796 sublunarem
1585 750 1705 798 bunc

38 815 261 867 :niundum
281 807 483 869 dentiam,
501 807 658 874 quibus
685 811 848 857 fruetus
867 813 956 856 iam
982 827 1070 857 vno
1087 809 1239 857 saeculo
1257 812 1478 875 respondit
1507 816 1707 876 copiofis-

38 871 41 921 ἶ
63 882 208 939 fimus,
227 887 270 925 δε
297 875 428 940 porro
445 882 455 929 (
472 874 622 939 siquid
640 876 693 923 de
710 876 812 923 caelo
836 876 1150 934 admonemur)
1175 876 1382 925 omnibus
1410 879 1522 927 retro
1550 880 1708 930 saeculis

39 970 42 982 Α
62 941 306 996 cumulatius
324 940 606 1005 respondebit.

40 1061 44 1074 ι
122 1010 196 1059 Sed
214 1010 382 1071 longior
403 1007 495 1054 sum
518 1005 651 1070 quam
676 1004 877 1053 volebam
896 1025 906 1051 :
929 1005 1053 1054 filum
1070 1024 1174 1073 ergo
1191 1006 1417 1068 contraho,
1439 1014 1482 1056 &
1497 1028 1572 1057 vos
1585 1025 1709 1058 'come-

40 1072 368 1144 {pellossaelestis
397 1071 519 1119 buius
544 1071 760 1135 quadrigae
783 1071 942 1134 iugales
967 1076 1148 1119 animae:
1185 1072 1339 1121 Nolite
1367 1074 1556 1122 arbitrari
1579 1075 1668 1124 haec
1684 1078 1710 1125 ’.Ξ

40 1135 45 1187 i
65 1161 130 1191 me
145 1136 294 1198 dieta,
317 1154 363 1185 vt
389 1136 586 1184 blandiar
603 1141 878 1199 arrogantiae,
907 1147 951 1185 &
969 1136 1158 1185 conscios
1186 1137 1488 1187 imbecillitatis
1507 1140 1711 1190 humanae

42 1209 216 1273 {spiritus
234 1207 350 1251 inani
367 1203 492 1249 fastus
518 1200 739 1266 supercilio
765 1205 808 1248 in
826 1219 1045 1262 tumorem
1061 1207 1249 1268 erigam3
1278 1204 1346 1253 sed
1371 1221 1419 1253 vt
1444 1205 1623 1271 quisque
1648 1207 1710 1256 sui

42 1288 47 1316 ι
65 1273 187 1331 officij
209 1279 252 1317 &
271 1268 540 1316 nobilissimae
563 1270 800 1316 vocationis
818 1266 1041 1332 descriptas
1067 1273 1178 1315 norit
1195 1274 1375 1317 rationes
1388 1306 1401 1327 ,
1420 1274 1463 1318 in
1481 1290 1582 1336 quas
1602 1277 1709 1321 vires

43 1353 47 1390 ,ῑ
67 1336 293 1396 excrescere,
303 1334 386 1399 qufi
400 1337 611 1399 patientiae
624 1331 749 1379 laude
762 1332 966 1396 praestare,
983 1333 1067 1397 qu&
1080 1332 1345 1398 obsequendi
1358 1335 1496 1400 gloria
1508 1341 1708 1397 eminerc5

44 1423 48 1440 ·
67 1404 145 1469 qua
164 1402 428 1449 scientiarum
447 1398 678 1447 accessione
696 1401 862 1458 ornari3‘
885 1399 1020 1463 quain
1050 1397 1235 1448 sollerter
1255 1401 1491 1450 hominum
1516 1403 1554 1449 se
1577 1408 1714 1450 mori-

44 1462 49 1515 ἰ
68 1469 140 1518 bus
155 1466 362 1515 insinuare
377 1504 390 1525 ,
409 1466 542 1530 quam
565 1462 730 1511 strenue
754 1468 900 1527 pietati
925 1468 1091 1529 operari
1109 1465 1274 1514 debeat.
1313 1470 1378 1515 Ita
1392 1467 1562 1531 segnem
1585 1487 1654 1516 me
1669 1478 1715 1518 ὃς

45 1561 49 1574 ·
68 1532 177 1599 quasi
200 1533 349 1579 fucum
369 1534 477 1577 inter
495 1548 588 1595 apes
608 1528 825 1577 adhortari
843 1527 958 1577 soleo
977 1550 987 1576 :
1032 1533 1082 1576 In
1102 1533 1188 1577 Dei
1213 1549 1291 1578 aere
1317 1540 1360 1580 ὃ(
1376 1531 1542 1597 peculio
1569 1535 1713 1582 sumus

46 1607 50 1648 i
69 1603 167 1658 toti,
190 1613 410 1662 quotquot
426 1600 625 1643 Societati
650 1596 757 1642 Insv
776 1613 942 1642 nomen
957 1595 1175 1642 dedimus:
1195 1597 1393 1646 nostrum
1412 1597 1472 1644 est
1487 1615 1674 1662 acceptas
1689 1600 1715 1648 a

47 1677 50 1702 ³
70 1664 163 1725 Deo
178 1667 316 1728 gratiae
334 1671 377 1709 δε
390 1678 549 1709 naturae
571 1661 693 1707 dotes
712 1663 757 1706 in
782 1662 984 1707 Aueroris
1002 1660 1262 1723 obsequium
1280 1678 1524 1710 conuertere
1536 1698 1549 1722 ,
1569 1671 1612 1710 δε
1631 1663 1716 1711 ala-

47 1750 51 1769 ·
71 1735 124 1777 cri
139 1733 282 1776 animo
299 1731 343 1774 in
360 1725 677 1775 consuetudinis
689 1724 892 1772 humanae
910 1729 1221 1772 commercium
1228 1731 1289 1786 ‚in
1304 1727 1571 1791 Reipublicae
1583 1729 1717 1776 Chri-1

47 1793 51 1824 ἶ
72 1796 206 1858 stianae
225 1794 353 1841 decus
380 1802 423 1841 δε
438 1792 638 1840 solatium
656 1831 668 1851 ,
695 1796 740 1839 in
766 1791 1081 1855 procurandam
1101 1790 1338 1839 hominum
1356 1793 1533 1842 salutem
1548 1833 1559 1852 ,
1587 1795 1718 1842 adeo-

49 1859 149 1926 ·q'ue
163 1858 279 1924 paene
295 1862 340 1905 in
369 1858 509 1923 ipsum
536 1856 707 1905 tranfire
726 1855 1061 1905 contubernium
1090 1857 1377 1919 Angelorum.
1418 1860 1521 1907 Hoc
1537 1859 1612 1920 est,
1636 1860 1721 1907 sce-

49 1939 54 1975 }
73 1944 166 1973 nam
187 1924 384 1972 eamdem
401 1942 535 1989 quarn
561 1921 756 1970 Ezechiel
775 1920 884 1970 vidit
897 1962 910 1982 ,
927 1927 1113 1969 attonito
1135 1923 1188 1970 ad
1207 1923 1295 1970 haec
1309 1924 1537 1984 miracula,
1554 1925 1639 1989 qua
1657 1925 1720 1972 la-

49 1991 54 2025 ⁴:
73 1990 216 2039 tissime
229 1990 546 2054 patet,mundo‚
561 1993 767 2036 omnium
781 1988 915 2035 oculis
931 1988 1125 2052 quotidie
1147 1988 1383 2036 videndam
1401 1990 1600 2051 obijcere.
1616 1994 1720 2039 Hoc

51 2106 54 2110 ,
73 2075 236 2121 agamus
251 2093 264 2116 ,
288 2058 421 2115 Socij,
443 2060 487 2102 in
512 2055 557 2102 id
583 2071 678 2102 toto
694 2057 865 2118 perstore
886 2052 1216 2100 incumbamus:
1235 2054 1511 2103 assuescamus
1536 2060 1719 2104 rationes

51 2140 56 2161 ⁸
74 2140 223 2186 ponere
244 2140 344 2168 cum
372 2124 495 2180 Deo,
516 2119 786 2168 voluntatem
816 2122 1003 2166 Domini
1026 2123 1254 2183 exquirere,
1267 2137 1345 2183 pro
1359 2120 1469 2168 bene
1487 2120 1610 2185 gestis
1626 2140 1720 2186 gra-

52 2196 56 2224 '¹
75 2187 144 2235 tias
159 2191 300 2250 agere,
317 2186 371 2234 ad
396 2204 512 2233 aram
536 2203 763 2245 recurrere,
790 2183 879 2231 illic
893 2203 1045 2232 omnes
1064 2201 1241 2232 coronas
1266 2187 1531 2249 appendere,
1561 2205 1610 2233 ex
1625 2190 1722 2250 qui-

53 2263 58 2294 ἰ
77 2250 150 2300 bus
166 2253 321 2312 diuinae
337 2251 483 2316 gloriae
500 2270 640 2298 currus
672 2250 911 2314 splendores
930 2250 1024 2297 suos
1050 2254 1095 2297 in
1118 2268 1425 2299 ornamentum
1448 2255 1617 2316 accipit.
1657 2254 1721 2300 Ita

54 2330 58 2358 ἰ
78 2315 161 2377 fiet,
178 2335 239 2380 vt,
254 2315 386 2364 affixis
410 2317 654 2381 sempiterni
672 2319 879 2364 Numinis
896 2314 1020 2363 tholo
1040 2314 1158 2363 mille
1169 2315 1363 2364 hostium
1376 2316 1535 2381 spoliis,
1547 2316 1641 2380 post
1656 2334 1722 2364 tor

55 2440 57 2443 .
78 2386 119 2430 in
140 2383 304 2446 Europa
316 2419 330 2440 ,
363 2382 464 2430 Afra
484 2391 527 2429 &
548 2382 691 2429 Africsi
717 2381 953 2446 congressus
971 2421 984 2440 ,
1002 2398 1066 2429 tot
1086 2399 1247 2446 pugnas
1260 2422 1273 2441 ,
1304 2397 1369 2429 tor
1385 2385 1605 2440 vietorias,
1624 2382 1722 2445 post

79 2463 139 2496 tot
154 2449 292 2496 messes
317 2451 526 2506 Orientis,-
545 2464 609 2495 tot
620 2448 837 2512 Vtriusque
852 2447 1007 2494 mundi
1024 2449 1188 2504 decora,
1207 2447 1303 2511 post
1316 2463 1381 2495 tot
1397 2448 1610 2496 industriae
1625 2465 1722 2495 mo-

0 2536 1 2539 *
56 2517 58 2543 ³
78 2511 303 2575 'numenta‚
327 2531 436 2579 quot
458 2513 594 2578 plagae
616 2512 711 2560 solis
732 2530 827 2560 ortu
850 2530 979 2576 atque
1002 2512 1159 2575 occasu
1177 2511 1430 2574 lustrantur,
1452 2513 1592 2561 leones
1611 2512 1722 2572 suos,

56 2590 61 2614 ¹
81 2578 205 2627 boues
228 2582 319 2627 suos
343 2620 355 2639 ,
382 2578 541 2643 aquilas
564 2579 670 2636 suas,
699 2578 897 2626 homines
916 2586 958 2625 δε
979 2576 1089 2625 filios
1104 2577 1217 2638 suos,
1236 2575 1323 2627 sine
1340 2578 1539 2645 degeneri
1557 2577 1726 2627 macula

0 2664 2 2687 ¹,
57 2649 60 2654 “
82 2639 300 2709 sanguinis,
317 2646 355 2692 se
375 2661 545 2710 parente
573 2644 732 2710 dignos
759 2644 958 2710 agnoscat
974 2647 1176 2709 Ignatius.

392 2795 806 2849 ORATIO
900 2790 1397 2850 SECVNDA

62 2980 65 2983 .
243 2903 544 2964 Paraenetz'ca
578 2899 649 2960 ad
676 2907 1006 2960 imitationem
1036 2907 1315 2983 primorum
1341 2903 1573 2962 Patrnm

0 3013 5 3062 ζ
62 3004 66 3072 g
548 2993 601 3045 in
616 2982 942 3071 fnnfiionibm
965 2986 1223 3044 Sanctam.

3 3121 7 3146 ἴ
63 3132 68 3179 j
92 3095 201 3232 E
218 3105 258 3150 A
276 3104 336 3152 est
355 3109 497 3153 aeterni
513 3108 726 3153 Numinis
753 3104 1046 3169 prouidentia,
1060 3107 1263 3156 RRfPP.
1281 3123 1344 3167 vt,
1357 3105 1457 3153 cum
1469 3116 1636 3152 nouum
1655 3104 1734 3151 εἰμ’

221 3187 348 3231 quem
367 3175 411 3217 in
438 3170 675 3236 Republica
702 3170 950 3219 Christiana
979 3186 1144 3218 coetum
1170 3176 1289 3236 cogit
1309 3187 1459 3218 eorum
1480 3169 1734 3229 hominum,
1756 3217 1757 3220 ,

1 3252 8 3279 ε
65 3241 69 3266 ¹
92 3249 162 3294 qui
178 3234 443 3296 improbitati
456 3236 621 3285 bellum
636 3238 925 3300 indicant‚qui
942 3239 1141 3301 pietatem
1160 3253 1233 3284 aut
1249 3237 1428 3283 stantem
1447 3251 1580 3298 propu
1586 3252 1737 3299 guent,

5 3317 8 3343 τ
65 3303 70 3355 ἶ
94 3313 162 3351 aut
185 3299 409 3363 collapsam
435 3307 622 3367 erigant,
651 3307 726 3367 qui
754 3301 924 3349 afflictis
956 3321 1004 3348 ac
1020 3302 1233 3364 prostratis
1249 3298 1440 3348 Ecclesiae
1458 3296 1579 3347 rebus
1606 3316 1739 3363 opem

0 3364 9 3408 'z'
66 3367 70 3395 ³-
95 3361 379 3432 auxiliumque
397 3365 599 3428 afferant3
625 3368 831 3417 eumdem
845 3377 888 3418 ὃς
905 3371 1080 3433 oprimis
1099 3364 1470 3431 saluberrimisque
1482 3363 1649 3431 legibus
1667 3363 1740 3412 fir-

1013 3436 1041 3480 F
1057 3431 1081 3478 f
1091 3432 1117 3480 f
1144 3451 1168 3478 2.
1635 3445 1742 3491 met,
