2321 4013
515 295 619 353 864
753 291 1242 343 IMAGOPRIMI
1284 289 1931 332 SAECVL-ISOC.1ESV.

508 372 662 438 pedem
701 372 843 419 statim
860 372 1008 417 omnia
1024 363 1239 412 ardebant:
1272 377 1443 409 tantum
1463 360 1486 407 a
1505 356 1724 406 Zelandiae
1742 362 1861 423 aquis
1875 359 2088 430 feruorem
2102 377 2165 413 ata

504 438 603 486 tulit
631 413 678 487 vt'
694 439 770 484 luis
791 431 1083 494 ignibusipios
1108 426 1350 474 accenderet
1377 425 1592 488 Hispanos
1611 461 1621 471 .
1665 427 1772 470 Haec
1801 423 1854 470 ad
1887 421 2025 469 indias
2051 429 2165 473 ruere

509 478 711 568 praeliidia
729 522 737 546 ε
758 486 877 562 qiiaS,
892 513 938 545 vt
955 498 1109 557 attigit,
1126 493 1267 540 statim
1285 496 1382 555 igne
1397 491 1471 536 fiio
1489 488 1678 553 proditus
1697 489 1769 536 est,
1821 488 2055 535 Franciscus
2071 494 2164 538 Xa-

508 573 645 614 ucrius
665 571 707 611 in
725 564 904 626 Gaspare
918 559 1184 608 fimillimam
1202 558 1264 604 sui
1278 559 1517 619 imaginem
1535 573 1635 602 cum
1666 572 1812 600 amore
1835 553 2163 619 contemplatus,

507 651 606 679 cum
631 627 839 676 continuo
856 626 1054 690 produxit
1069 624 1306 688 sparsurum
1333 620 1531 668 flammas
1550 658 1561 678 ,
1578 618 1745 684 lateque
1764 625 1915 666 omnia
1933 619 2163 683 populatu-
2221 630 2225 633 ’
2272 629 2273 632 ’

508 715 617 755 rum,
635 713 686 741 ne
704 693 862 740 diutius
882 690 1114 739 occultatus
1138 688 1314 751 seseipse
1331 686 1614 734 consumeret.
1656 689 1754 731 Goa
1779 688 1939 748 primus
1963 683 2163 737 laborum

505 761 586 807 fuit
602 777 794 823 campuS,
808 756 903 806 vrbs
917 775 1006 804 non
1022 752 1320 820 magnitudine
1335 755 1472 816 magis
1490 750 1624 815 quam
1639 750 1821 796 cuiusuis
1837 753 1998 814 generis
2018 749 2163 800 homi-
2226 797 2231 801 .
2271 799 2273 803 ,

505 843 616 872 num
647 824 893 871 colluuione
919 821 1100 869 nobilis.
1142 819 1231 867 Hic
1247 817 1322 867 vbi
1350 817 1506 881 Gaspar
1530 815 1668 862 audiri
1697 830 1865 878 coeptus
1893 815 1952 887 est
1972 839 1982 872 3
2001 821 2162 868 mirum

504 890 641 951 dictu,
657 906 884 955 tamquam
898 886 1079 935 fulmine
1091 889 1167 933 iffi
1184 882 1377 931 mortales
1393 885 1562 931 vluram
1577 920 1590 941 ,
1606 878 1883 939 concubinas,
1906 882 2164 943 superstitio-

504 974 624 1015 nem,
655 953 862 1014 haerefim,
886 953 1029 1000 scelera
1052 954 1202 999 omnia
1216 949 1459 996 detestantes
1475 986 1487 1005 ,
1507 947 1559 993 ad
1581 945 1692 993 illius
1708 964 1847 1010 genua
1875 944 2046 1009 publice
2058 955 2162 998 acci-

508 1020 683 1069 debant.
723 1020 804 1068 Sed
819 1022 1087 1068 Ormuzium
1104 1020 1147 1062 in
1163 1014 1254 1061 sinu
1271 1011 1434 1061 Perfico
1450 1016 1710 1077 praecipuam
1741 1015 1909 1059 virtutis
1928 1012 2010 1058 suae
2040 1013 2162 1076 pala:-

510 1086 641 1134 stram
673 1085 826 1133 habuit
861 1104 871 1130 ε
908 1101 1042 1147 quam
1074 1080 1227 1128 vrbem
1255 1077 1409 1125 merito
1438 1077 1760 1142 turpitudinum
1786 1079 1991 1125 omnium
2019 1078 2165 1130 dixeris-

507 1153 717 1199 sentinam
737 1186 747 1196 .
786 1149 929 1196 Fidem
946 1148 1107 1212 superat
1136 1164 1266 1211 quem
1283 1144 1375 1191 istic
1391 1144 1554 1207 Gaspar
1570 1140 1803 1190 exantlauit
1817 1140 2012 1190 laborem
2030 1185 2043 1205 ,
2070 1165 2164 1212 quae

507 1220 651 1281 capitis
667 1215 771 1261 adiit
781 1213 1039 1273 discrimina,
1054 1230 1149 1276 quae
1163 1212 1281 1275 {uper
1303 1210 1545 1258 humanam
1572 1208 1872 1256 conditionem
1884 1207 2075 1275 viresque
2090 1213 2164 1261 ad-

509 1279 705 1329 miranda
720 1282 929 1343 patrarum*
962 1279 1257 1324 Mercatorum
1280 1280 1454 1323 animos
1480 1280 1538 1322 ita
1567 1274 1738 1322 dicendi
1756 1273 1907 1321 ardore
1922 1283 2165 1328 commouit

508 1343 740 1409 aliquando
754 1381 767 1404 ‚
791 1360 839 1392 vt
855 1342 967 1390 male}
984 1359 1152 1408 partam
1169 1361 1217 1389 ex
1241 1342 1362 1391 vsurfi.
1376 1344 1603 1406 pecuniam
1633 1340 1756 1405 {upra
1768 1343 1925 1404 viginti
1939 1346 2162 1394 aureorum

507 1410 644 1458 millia
660 1409 713 1457 ad
730 1408 843 1456 illius
867 1408 1096 1456 abiecerint
1113 1408 1234 1472 pedes
1255 1427 1264 1453 ε
1295 1407 1415 1472 quod
1442 1407 1528 1471 ipse
1553 1425 1605 1453 aes
1635 1410 1680 1452 in
1707 1404 1989 1454 subleuandos
2014 1426 2165 1474 paupe-

505 1493 563 1523 res
583 1485 626 1524 δε
643 1474 899 1522 Christianae
914 1477 1078 1539 pietatis
1094 1491 1221 1538 opera
1234 1475 1443 1520 conuertit
1459 1509 1468 1518 .
1510 1470 1643 1518 Illum
1662 1470 1814 1532 Iudaei,
1831 1470 1956 1519 illum
1971 1472 2165 1525 colebant

506 1541 830 1601 Mahumetani,
847 1556 1023 1604 Vtraque
1037 1557 1135 1604 gens
1160 1542 1294 1586 iurata
1322 1536 1454 1584 odisse
1481 1536 1752 1584 Christianos
1770 1573 1779 1581 .
1820 1539 1964 1586 Tanta
1976 1537 2043 1588 vel
2054 1542 2165 1605 apud

504 1605 699 1672 capitales
713 1606 850 1654 hostes
869 1623 973 1653 verae
988 1608 1151 1654 virtutis
1167 1603 1495 1651 commendatio
1507 1601 1579 1649 est.
1606 1601 1713 1649 Sane
1730 1601 1785 1650 ad
1802 1602 2042 1652 multorum
2062 1626 2165 1655 con-

505 1670 745 1720 uersionem
761 1670 897 1721 valuit
921 1690 968 1719 ea
979 1673 1133 1735 opinio
1157 1669 1387 1717 sanffltatrs
1400 1705 1409 1714 .
1458 1671 1614 1714 Praeter
1631 1666 1735 1715 alios
1751 1669 2081 1718 innumerabiles
2094 1672 2165 1720 de-
2225 1726 2227 1731 .

506 1738 571 1785 dit
599 1737 773 1803 Gaspari
789 1755 941 1785 manus
961 1735 1214 1784 anachoreta
1230 1735 1367 1793 senex,
1391 1742 1523 1798 quem
1548 1737 1641 1782 Rex
1669 1738 1874 1797 Ormuzij
1892 1752 2012 1783 tanto
2039 1736 2166 1786 habe-

509 1801 584 1850 bat
602 1807 647 1850 in
664 1807 797 1868 pretio
810 1838 823 1864 ,
839 1819 886 1851 vt
906 1821 1064 1866 aquam
1085 1799 1417 1851 venerabundus
1434 1797 1595 1847 biberet
1608 1840 1621 1860 ,
1637 1798 1805 1864 qufiille
1832 1801 1956 1866 pedes
1984 1803 2077 1850 suos
2093 1803 2165 1853 ab-

509 1867 658 1916 luisset.
682 1872 817 1933 Qin
837 1868 966 1932 vsque
979 1867 1030 1914 eo
1047 1871 1175 1914 creuit
1189 1868 1418 1913 Sarracenis
1437 1869 1480 1912 in
1502 1865 1736 1930 Gasparem
1751 1870 2049 1927 reuerentia‚vt
2063 1888 2164 1934 qua-

507 1952 693 2000 cumque
707 1932 929 1993 incederet,
944 1933 1121 1995 yestem,
1138 1949 1264 1997 atque
1279 1931 1366 1996 ipsa
1382 1930 1543 1995 pedum
1559 1931 1737 1996 vestigia
1754 1931 1982 1980 exosculari
2006 1932 2163 1984 benefi-

510 2003 627 2046 cium
644 1997 859 2046 haberent.
890 1998 1122 2112 Qssodciue
1136 2014 1334 2063 portento
1351 1995 1488 2044 fimile
1503 1995 1709 2045 omnibus
1727 1997 1883 2053 visum,
1901 2003 1976 2047 vni
1994 2001 2164 2066 Gaspari

511 2065 635 2111 suum
654 2065 805 2112 fanum
831 2062 962 2112 Chrii
986 2068 1090 2113 ianis
1107 2061 1313 2111 omnibus
1329 2062 1583 2110 inaccessum
1606 2063 1744 2127 patere
1758 2103 1771 2123 ,
1792 2062 1915 2129 eic'lue
1937 2069 2087 2113 omnia
2100 2068 2164 2114 su-

540 2129 763 2178 erstitionis
792 2129 873 2178 suae
898 2130 1008 2178 sacra
1031 2130 1246 2196 perspecTta
1265 2129 1344 2176 effe
1363 2126 1593 2177 voluerunt
1608 2165 1617 2175 .
1667 2132 1721 2178 Et
1737 2129 1930 2194 profecto
1949 2129 2029 2177 hac
2052 2134 2164 2180 inso-

506 2148 611 2242 fenti
636 2195 1060 2244 Mahumetanorum
1075 2193 1377 2243 beneuolentffi
1391 2195 1436 2241 in
1463 2193 1707 2242 Catholicae
1725 2198 1782 2241 rei
1800 2193 1983 2260 gloriam
2007 2216 2162 2262 oppor-

507 2259 611 2307 tune
627 2261 720 2310 Vsus
742 2260 801 2309 est
830 2262 1003 2327 Gaspar.
1021 2260 1156 2309 Claro
1180 2259 1328 2326 aliquo
1344 2260 1413 2310 die
1440 2278 1667 2324 magnam,
1683 2260 1804 2325 quod
1821 2258 1996 2322 solebat,
2018 2263 2114 2327 post
2127 2265 2166 2312 se

507 2323 675 2373 trahens
700 2325 1042 2392 Neophytorum
1054 2324 1525 2387 cateruam,incredibili
1543 2323 1805 2374 confidenti-51
1823 2326 1876 2374 ad
1889 2327 2041 2374 fanum
2057 2327 2164 2378 illud

509 2395 645 2455 pergit
658 2431 670 2453 ,
687 2392 987 2459 perfrastisq'ue
1011 2392 1193 2453 foribus,
1209 2397 1429 2457 ingentem
1448 2409 1614 2439 crucem
1632 2390 1782 2456 defigit
1797 2395 1841 2438 in
1858 2391 1956 2440 loco
1970 2433 1984 2454 ,
2002 2394 2164 2442 Mahu-

512 2462 690 2503 metanis
707 2457 973 2506 horrendum
987 2459 1220 2507 clamorem
1237 2468 1281 2507 ὃς
1300 2459 1519 2506 fremitum
1535 2455 1752 2516 dantibus,
1761 2476 1899 2522 neque
1911 2475 2055 2506 tamen
2073 2464 2163 2509 vim

510 2520 698 2585 repellere
722 2521 841 2570 aufiS.
886 2523 992 2571 adeo
1019 2523 1218 2573 barbaros
1234 2524 1520 2571 consternatos
1536 2521 1723 2571 habebat
1741 2527 1849 2579 tanti
1865 2523 2065 2572 facinoris
2090 2544 2164 2573 au-

509 2585 640 2632 dacia.
679 2591 737 2635 Ex
754 2606 805 2635 eo
818 2587 886 2639 die
909 2590 1061 2638 fanum
1090 2591 1213 2638 suum
1247 2589 1424 2637 deseruit
1450 2590 1688 2653 superstitio
1707 2627 1719 2648 ,
1748 2588 1870 2653 quod
1887 2588 2023 2637 defixa
2048 2609 2165 2639 cruce

511 2649 730 2714 pollutum
746 2654 878 2701 insani
903 2654 965 2702 illi
979 2655 1292 2704 detestabantur
1307 2695 1321 2715 ,
1340 2652 1616 2721 obtinuitc'pie
1633 2653 1806 2719 Religio
1823 2653 2072 2704 Christiana
2095 2675 2167 2721 per

513 2717 742 2779 Gasparem
755 2734 843 2765 tam
857 2721 1044 2783 generosi
1060 2722 1162 2768 fasti
1177 2724 1510 2785 imperterritum
1526 2723 1762 2771 auCtoremi
1780 2738 1869 2785 quo
1890 2721 2022 2782 faCto,
2038 2720 2165 2786 partie

513 2779 628 2827 aliud
644 2800 854 2845 vmquam
870 2780 1081 2848 patratum
1095 2786 1218 2834 India
1248 2786 1417 2847 viderit,
1431 2790 1656 2834 incertum.
1689 2785 1769 2834 Sed
1786 2784 1940 2850 agebat
1953 2785 2068 2834 haud
2084 2786 2165 2834 du-

516 2841 586 2893 bie
605 2849 820 2894 Barzaeum
837 2848 975 2897 diuini
994 2855 1166 2916 Spiritus
1185 2852 1356 2915 praesens
1380 2852 1624 2911 instincfi’tus3
1646 2855 1722 2916 qui
1749 2861 1793 2900 ὃ(
1810 2850 1908 2900 ali-js
1923 2869 2013 2899 non
2027 2851 2109 2901 vna
2125 2871 2166 2900 re

516 2910 739 2959 manifeste
756 2912 793 2958 st
806 2915 1005 2976 prodidit.
1049 2916 1209 2965 Nobili
1227 2916 1431 2965 Lufitan'o
1453 2917 1541 2967 vita
1557 2915 1835 2983 perditiffimo
1851 2956 1864 2977 ‚
1881 2926 1926 2966 ὃς
1941 2917 2165 2966 confessio-

513 2995 615 3025 nem
633 2976 852 3038 respuenti,
873 2982 1030 3045 Gaspar
1047 2982 1253 3031 morbum
1280 3000 1463 3047 precatus
1480 2982 1628 3031 intulit
1645 3003 1655 3030 :
1675 3001 1765 3047 quo
1781 2983 1900 3032 ferox
1915 2981 1985 3030 ille
1998 2982 2164 3035 tamdiu

512 3044 734 3099 cruciatuS‚
751 3040 885 3089 donec
897 3045 1000 3092 faeti
1017 3046 1377 3109 poenitens‚fiinul
1390 3066 1520 3096 noxas
1539 3048 1731 3097 dolenter
1745 3053 1922 3112 aperuit:
1937 3047 2064 3096 fimul
2083 3054 2165 3114 pri-
2200 3073 2203 3076 ·

514 3108 673 3156 stinam
702 3110 852 3170 recepit
864 3108 1094 3160 sanitatem.
1110 3112 1308 3159 Alterum
1323 3113 1529 3162 vindictae
1546 3113 1754 3179 cupidum
1769 3130 1841 3177 per
1853 3111 2028 3160 salutem
2045 3114 2165 3163 obte-

515 3173 644 3221 status
662 3186 709 3219 vt
731 3170 993 3236 condonaret
1016 3179 1217 3224 iniuriam
1233 3217 1245 3236 ,
1262 3177 1361 3224 cum
1376 3177 1446 3225 ille
1468 3180 1603 3243 impia
1620 3197 1725 3228 voce
1738 3179 2163 3242 iastaretvvindidtam

513 3238 641 3285 salute
662 3239 892 3300 potiorem3
918 3240 1164 3305 indignatus
1189 3242 1362 3305 Gaspar,
1380 3244 1616 3310 maiorique
1633 3243 1735 3291 aestu
1748 3246 1940 3308 percitus,
1956 3246 2069 3292 Ante
2080 3264 2164 3294 cra-

515 3302 614 3351 stini
631 3302 855 3350 meridiem
873 3345 885 3366 ,
899 3308 1042 3370 inquit
1059 3345 1072 3368 ,
1090 3325 1223 3371 quam
1247 3325 1363 3355 nunc
1378 3313 1614 3363 contemnis
1634 3307 1810 3358 salutem
1827 3348 1839 3369 ‚
1859 3310 2026 3374 magnis
2052 3315 2162 3360 votis

516 3366 663 3417 frustra
678 3367 913 3419 inuocabis.
955 3375 1221 3423 Vaticinium
1243 3371 1328 3420 dies
1346 3374 1588 3423 consecutus
1604 3373 1790 3423 ostendit
1806 3380 1819 3420 ἐ
1845 3373 1914 3422 ille
1933 3375 2163 3435 morbore-

2148 3440 2160 3457 N

2042 3457 2163 3506 pente
