2321 4013
386 827 523 874 [gnatius

382 871 544 909 miraculis

382 923 548 958 clarusm-

381 981 442 1003 zam
452 971 481 1000 in
491 968 552 1000 mi·

382 1017 484 1050 mmis.

389 2430 524 2462 Societas

387 2479 515 2510 minima

389 2535 536 2570 magnum

391 2573 508 2615 Ignatiff

389 2629 534 2651 miracu-

391 2665 468 2697 lum.

396 3228 466 3258 isaia:
481 3239 505 3266 ς.

573 345 676 403 692
808 342 1049 389 IMAGO
1091 336 1301 382 PRIMI
1343 331 1613 376 SAECVLI
1654 326 1797 370 SOC.
1840 328 2002 369 IESV.

573 439 620 469 vt
638 421 782 479 legum
806 416 1012 465 sacrarum
1028 411 1159 459 codex
1182 406 1243 455 illi
1259 406 1481 454 tribuatur.
1520 401 1655 466 Qid
1670 405 1788 448 enim
1803 400 1885 447 hoc
1901 400 2045 464 legum
2069 401 2213 454 codice

575 475 828 550 perfectius?
849 480 954 545 quid
978 479 1170 525 minimis
1201 471 1311 519 illius
1337 469 1492 535 regulis
1513 470 1647 530 magis
1669 465 1998 513 admirandum?
2017 466 2122 514 Sane
2144 488 2211 519 eas
2251 482 2254 519 ἑ
2319 501 2321 507 ·

575 570 670 616 quae
684 551 735 596 de
749 548 941 595 exteriori
959 538 1169 589 modesti-21
1184 535 1456 601 praescribunt
1470 573 1483 594 ,
1509 531 1654 579 multis
1682 529 1763 579 fibi
1778 529 1971 595 lacrymis
1990 532 2137 579 stetisse
2152 535 2212 583 faa

575 632 681 662 tetur
698 615 896 677 Ignatius.
936 606 1059 671 Qd
1079 602 1212 651 rursus
1229 602 1351 649 huius
1376 599 1465 648 vitii
1484 600 1619 661 magis
1652 595 1940 660 perpolitum,
1968 614 2062 661 quae
2086 602 2212 650 etiam
2252 629 2255 648 ι
2317 610 2321 617 ’

576 683 619 726 in
640 680 830 725 minimis
849 691 938 721 tam
955 668 1205 720 admiranda
1222 666 1307 715 est?
1335 668 1488 713 Vnum
1503 662 1670 710 fortasse
1689 664 1846 725 requiri
1862 676 2040 726 poterat,
2067 679 2112 711 vt
2128 670 2215 715 eius

576 748 663 791 vita
690 739 921 789 caelestibus
947 734 1208 803 quibusdam
1240 748 1311 779 aut
1333 729 1454 795 supra
1477 743 1676 776 naturam
1704 726 1913 790 prodigiis
1931 725 2211 781 illustraretur.

578 808 660 855 Sua
672 808 751 854 hac
767 809 811 853 jn
830 820 946 870 patre
962 807 1115 865 cuique
1129 799 1215 847 laus
1231 797 1312 844 est:
1329 796 1384 844 ab
1408 794 1496 842 aliis
1510 806 1714 858 perpetuo
1732 789 1899 838 silentio
1917 789 2119 841 damnata
2130 794 2215 844 dae-

579 890 764 919 monum
777 868 962 926 oracula;
979 869 1030 915 ad
1048 865 1228 914 aliorum
1241 880 1376 926 preces
1390 875 1556 908 montes
1576 857 1676 905 loco
1694 855 1910 915 cesserunt;
1929 856 2115 906 aliorum
2131 865 2215 910 im-¹

581 942 696 1002 perio
725 939 885 984 mortui
902 934 957 981 ad
973 937 1109 982 vitam
1127 932 1310 976 reuocati
1337 925 1455 983 sunt3
1486 923 1670 971 aliorum
1701 921 1904 970 cadauera
1930 921 2213 987 gratiffimum

581 1003 763 1050 odorem
778 1000 1040 1048 exhalarunt.
1080 994 1240 1043 Nescio
1252 1010 1340 1057 quo
1357 994 1568 1038 Numinis
1586 989 1673 1036 fato
1688 986 1759 1034 sua
1772 986 1843 1034 hic
1857 991 2028 1052 Ignatio
2039 989 2119 1037 sors
2137 991 2215 1042 ob„

582 1072 695 1133 tigit,
714 1071 813 1115 vtin
832 1071 879 1114 iis
893 1082 987 1128 quae
1002 1059 1185 1108 minime
1197 1058 1252 1104 ad
1272 1075 1370 1103 eum
1387 1058 1598 1119 pertinent
1609 1090 1623 1111 ,
1642 1052 1834 1117 αάεοᾲυε
1849 1057 1894 1101 in
1913 1057 2105 1103 minimis
2121 1076 2217 1122 pro-

580 1131 765 1180 dioiosus
778 1130 983 1177 euaderet.
1022 1121 1341 1173 Admirabilem
1358 1121 1467 1167 olim
1488 1123 1666 1167 Petrum
1684 1117 1870 1166 reddidit
1896 1119 2047 1168 vmbra
2070 1139 2217 1188 corpo·
2250 1130 2253 1184 Ι
2309 1135 2321 1165 2¹

581 1176 652 1257 ris]
665 1214 758 1263 quae
771 1198 889 1242 inani
905 1197 1033 1239 etiam
1051 1191 1256 1236 contaetu
1279 1185 1457 1234 morbos
1484 1182 1750 1249 expellebat:
1770 1183 1977 1232 mirabilis
1999 1186 2151 1235 Paulus
2166 1229 2178 1250 ‚
2193 1189 2218 1240 d
2250 1216 2253 1240 ἲ

2249 1275 2253 1306 1
2308 1268 2321 1297 ‘3'

577 1324 764 1375 adhaesit.
800 1324 966 1388 Magna
984 1319 1178 1386 profesto
1194 1318 1378 1382 dignitas
1396 1319 1442 1364 in
1457 1317 1583 1364 rebus
1599 1318 1810 1375 minimiS,
1827 1313 1858 1362 fi
1875 1332 2020 1363 tamen
2039 1321 2219 1370 minima
2250 1324 2253 1382 ζ

577 1392 661 1440 dici
677 1387 883 1456 possunt&
903 1386 1059 1453 quibus
1085 1401 1203 1433 tanta
1221 1383 1410 1449 dignitas
1437 1379 1605 1430 exsistit.
1644 1379 1776 1429 Nihil
1800 1384 1930 1446 igitur
1955 1386 2000 1429 in
2025 1399 2065 1430 te
2091 1390 2221 1435 mini-
2250 1383 2253 1399 ³

579 1474 704 1505 mum
721 1456 796 1516 est,
816 1458 955 1519 Ignari
968 1492 981 1513 ,
999 1451 1178 1517 quando
1197 1467 1292 1514 quae
1323 1452 1510 1496 minima
1536 1445 1756 1508 videntur,
1773 1463 1861 1494 tam
1888 1445 2063 1496 vberem
2080 1449 2222 1515 gloriae
2250 1448 2252 1467 ³

579 1521 758 1587 segetem
777 1539 826 1567 ae
842 1523 1064 1568 materiam
1081 1514 1420 1564 subministrant:
1443 1512 1637 1577 quando,
1655 1516 1855 1577 inquam,
1873 1530 1968 1577 quae
1988 1518 2220 1568 minimum
2249 1545 2252 1566 ι

578 1592 641 1635 tui
663 1585 847 1634 habuere
874 1586 1060 1648 corporis
1080 1585 1144 1630 tui
1170 1579 1362 1644 pulueres
1382 1575 1537 1626 refidui
1560 1584 1637 1633 (ne
1660 1576 1756 1641 plus
1784 1582 1848 1625 tui
1877 1578 2223 1645 consequeremur
2250 1582 2251 1586 ’

580 1267 694 1310 cujus
713 1262 896 1324 corporis
912 1257 1129 1312 contactu,
1149 1251 1289 1301 nescio
1301 1269 1398 1318 quae
1412 1252 1560 1299 diuina
1583 1255 1645 1300 vis
1673 1248 1770 1314 ipsis
1789 1254 1917 1298 etiam
1935 1250 2217 1304 ·semicin6'ciis

581 1652 796 1700 exundans
815 1651 973 1698 inuidit
986 1648 1174 1708 Tiberis,
1189 1648 1337 1706 tuis,ni
1349 1642 1606 1706 fallor,votis
1623 1643 2219 1708 obsecundans)pulueres,in-

579 1736 729 1783 quam,
745 1719 810 1764 tui
823 1714 1001 1763 infinitis
1014 1709 1292 1778 languoribus
1319 1710 1561 1771 medentur,
1574 1706 1753 1758 infinitis
1774 1714 1987 1775 puerperis
2011 1712 2223 1775 opitulan-

581 1798 742 1843 tur,ne
757 1782 863 1830 fetus
889 1779 1002 1846 prius
1019 1778 1113 1827 luce
1135 1781 1377 1843 priuentur,
1405 1775 1539 1841 quam
1568 1773 1708 1824 lucem
1733 1774 1978 1839 adspiciant.
2017 1778 2141 1842 Qd
2159 1780 2221 1828 di-

581 1865 678 1895 cam
693 1864 852 1912 aquam
865 1846 954 1911 ipsa
968 1844 1152 1908 pulueris
1170 1845 1457 1907 permixtione
1477 1840 1671 1906 plurimis
1687 1839 1929 1889 salutarem?
1944 1843 2051 1907 quid
2063 1860 2222 1895 nomen

582 1928 708 1960 tuum
739 1912 890 1960 chartae
920 1915 1132 1959 inaratum
1161 1907 1432 1956 daemonibus
1459 1905 1647 1956 terribile
1686 1906 1913 1955 exstitisse?
1952 1914 2224 1972 praeterinitto

582 1976 976 2042 Monobregensem
992 1978 1229 2040 imaginem
1249 1973 1428 2021 infinitis
1444 1972 1769 2039 propemodum
1796 1972 2004 2038 prodigiis
2024 1972 2222 2024 nobilita·

584 2052 694 2090 tam?
712 2046 763 2090 Et
776 2041 864 2089 haec
878 2040 1056 2106 quidem
1076 2058 1125 2087 ex
1138 2043 1279 2104 paruis
1296 2038 1463 2097 reculis,
1489 2057 1536 2086 ae
1553 2038 1874 2104 propemodum
1888 2042 1959 2088 vix
1972 2043 2052 2087 tuis
2070 2080 2083 2101 ,
2096 2039 2223 2106 gloria

584 2107 812 2172 consurgit,
832 2105 900 2156 vel
916 2106 1000 2155 hoe
1017 2105 1106 2171 ipso
1122 2103 1352 2163 celebrior,
1370 2104 1463 2169 quo
1480 2103 1644 2153 facilius
1661 2121 1721 2152 res
1746 2104 1832 2152 istae
1859 2107 2058 2153 minimae
2079 2106 2146 2155 seu
2175 2107 2225 2156 de

582 2174 839 2222 vestimento
855 2170 1108 2230 lacerna,vel
1128 2171 1181 2219 de
1192 2186 1368 2235 corpore
1386 2169 1614 2236 puluiS,vel
1628 2170 1681 2218 de
1696 2169 1820 2219 vultu
1834 2174 1983 2237 imago
2001 2170 2225 2221 adumbra-

580 2236 708 2299 ta,vel
720 2237 870 2286 chartae
882 2255 1042 2286 nomen
1055 2236 1289 2298 illitum,ad
1304 2237 1478 2285 vltimas
1491 2235 1621 2301 vsque
1637 2237 1826 2285 Orientis
1838 2253 1929 2284 oras
1946 2253 2220 2301 penetrarunt.

584 2387 690 2428 rem,
702 2367 782 2416 nisi
794 2369 914 2434 aeque
931 2367 1177 2433 opportune
1192 2368 1276 2417 hoe
1289 2385 1405 2416 anno
1421 2367 1608 2416 saeculari
1630 2366 1669 2415 se
1689 2367 1801 2416 mihi
1817 2366 2033 2418 obtulisset
2047 2371 2226 2418 minima

585 2450 656 2480 tua
677 2438 859 2483 Societas
875 2474 888 2494 ‚
915 2433 985 2483 sed
1010 2432 1098 2482 laus
1123 2449 1196 2482 tua
1221 2451 1315 2482 non
1340 2437 1498 2482 minim
1506 2453 1542 2481 a.
1582 2432 1805 2498 Qnimo
1830 2437 2074 2482 maximum
2105 2450 2226 2485 tuum

587 2499 841 2547 miraculum
858 2500 934 2547 effe
949 2502 1202 2548 Societatem
1221 2538 1236 2559 ‚
1253 2501 1357 2547 &in
1383 2500 1431 2546 e&
1447 2501 1532 2547 Dei
1550 2498 1745 2564 spiritum
1772 2498 1944 2548 residere
1958 2539 1972 2560 ,
1990 2498 2226 2565 complures

587 2582 687 2611 cum
706 2565 796 2628 ipso
815 2569 998 2612 Summo
1012 2568 1239 2613 Sacrorum
1259 2564 1482 2625 Antistite,
1496 2569 1583 2612 iam
1596 2563 1809 2626 tum‚cum
1826 2564 2083 2626 nasceretur,
2099 2582 2227 2631 agno-

587 2646 697 2676 uere.
740 2632 850 2677 Non
865 2629 1047 2678 minime
1058 2629 1232 2695 quidem
1252 2627 1324 2678 illa
1336 2646 1407 2678 tua
1420 2630 1494 2691 est,
1512 2648 1609 2695 qua:
1621 2628 1853 2679 secundum
1869 2632 2017 2679 Deum
2034 2648 2082 2678 ex
2099 2648 2138 2678 te
2154 2630 2226 2679 ha-

645 2303 908 2367 Opportune
940 2322 1010 2352 me
1045 2302 1134 2351 haee
1159 2301 1298 2366 gloria
1333 2317 1408 2350 tua
1438 2302 1646 2349 monebat
1671 2300 1808 2350 finem
1839 2300 2012 2351 dicendi
2042 2320 2092 2352 vt
2120 2281 2250 2561 face-¹

589 2693 684 2752 bet,
715 2694 835 2757 qubd
858 2711 954 2742 nata
975 2696 1049 2756 est,
1075 2695 1196 2759 quod
1212 2694 1362 2753 floret,
1381 2695 1501 2759 quod
1523 2695 1608 2743 huc
1635 2695 1765 2760 vsque
1788 2696 2226 2771 magna-populorum

587 2760 966 2806 commendatione
985 2775 1256 2824 propagatur.
1295 2763 1462 2809 Locum
1479 2777 1624 2809 tamen
1641 2760 1824 2809 illiinter
1848 2765 2033 2811 minima
2056 2777 2128 2810 tua
2153 2761 2224 2810 de·
2243 2772 2247 2885 ι

588 2822 651 2868 dit
679 2821 749 2869 illa
776 2822 993 2888 singularis
1022 2828 1157 2884 animi
1184 2825 1378 2875 demiffio
1394 2867 1408 2888 ‚
1443 2827 1529 2892 quii
1553 2830 1790 2875 minimam
1821 2826 1993 2875 inscribi
2020 2835 2064 2875 &
2091 2826 2228 2875 alieno

587 2890 767 2934 nomine
790 2890 1014 2952 indigetari
1031 2888 1220 2948 voluisti,
1240 2907 1286 2939 vt
1303 2910 1397 2956 quae
1411 2896 1600 2941 maxima
1615 2910 1798 2958 quaeque
1816 2893 1840 2941 a
1868 2897 1925 2940 IE
1940 2910 1958 2939 s
1974 2910 2001 2941 v
2024 2892 2226 2953 obtinuit,
2243 2890 2247 2949 l
2302 2908 2313 2947 ζ

588 2964 662 3013 per
676 2955 891 3016 Ignatium
907 2971 977 3001 aut
1005 2954 1112 3002 nihil
1125 2994 1139 3015 ,
1160 2972 1231 3003 aut
1257 2960 1494 3005 minimum
1524 2958 1739 3022 quiddam
1766 2958 1989 3007 consecuta
2006 2959 2227 3008 videretur.

588 3018 698 3063 Non
717 3021 860 3065 minor
875 3035 1017 3066 tamen
1034 3019 1193 3069 idcirco
1206 3020 1286 3069 tibi
1299 3021 1388 3069 laus
1409 3022 1600 3084 debetur,
1616 3027 1733 3071 cuius
1750 3028 1964 3089 praeceptis
1997 3031 2040 3071 &
2065 3020 2227 3072 instim-
2283 3041 2285 3043 ·

585 3085 637 3128 tis
653 3099 873 3147 acceptum
887 3084 1022 3144 refert,
1038 3084 1159 3147 quod
1173 3094 1216 3133 &
1235 3089 1388 3133 virtute
1415 3089 1696 3154 doctrinaque
1719 3088 1867 3137 floreat
1883 3129 1896 3149 ‚
1914 3097 1958 3137 &
1978 3090 2033 3136 ad
2055 3088 2227 3136 vltimos

585 3147 718 3210 vsque
741 3164 940 3196 terrarum
968 3148 1068 3195 fines
1085 3151 1208 3199 vnica
1233 3166 1351 3198 aetate
1365 3152 1414 3200 fit
1431 3170 1676 3219 propagata.
1714 3169 1760 3204 vt
1777 3173 1868 3203 non
1889 3155 2106 3202 immerito
2123 3139 2245 3211 illud}

589 3211 811 3274 Propheta:
825 3212 969 3262 videar
983 3213 1176 3278 vsurpare
1192 3216 1319 3279 poffe:
1341 3222 1468 3267 Dicite
1484 3221 1582 3267 iufio
1599 3224 1779 3286 quoniam
1802 3220 1896 3267 ben?
1910 3260 1922 3280 ‚
1949 3224 2125 3286 quoniam
2135 3213 2245 3282 ἦτα-Ι

2312 1046 2313 1050 Α
2311 1004 2321 1033 12
2312 923 2321 966 22.ss

2309 1201 2321 1232 ς’]

2306 1400 2321 1428 111

2306 1466 2321 1496 w

589 3280 691 3323 Hum
713 3278 1183 3343 adinuentionumficarum
1201 3281 1375 3329 comedet.
1420 3285 1609 3333 Venient
1637 3289 1755 3333 enim
1783 3285 1865 3332 tibi
1886 3283 2047 3333 fruEtus
2071 3285 2245 3353 vberri-}
2303 3305 2320 3343 ³:

590 3344 654 3414 mi
672 3359 720 3387 ex
736 3348 859 3391 omni
877 3344 1099 3408 prouincifi
1110 3363 1158 3391 ac
1174 3350 1361 3411 regione:
1382 3347 1483 3395 hinc
1499 3350 1806 3413 poenitentibus
1827 3351 1997 3399 excussa?
2020 3349 2224 3413 lacrymae,
2240 3359 2244 3417 ξ
2303 3359 2321 3411 ῑξῖ

591 3405 691 3454 mdc
702 3424 936 3473 puerorum
952 3410 1008 3460 ab
1021 3414 1191 3459 interitu
1211 3411 1424 3466 vindicata
1439 3417 1698 3473 innocentia,
1717 3415 1816 3463 hinc
1828 3418 2002 3466 virtutes
2019 3416 2073 3466 ad
2093 3429 2226 3476 matu-
2240 3420 2243 3462 Ι

2036 3504 2038 3506 ·
2064 3483 2226 3527 ritatem
2240 3469 2243 3557 J

2240 3629 2242 3654 l

2240 3672 2242 3700 l

2240 3708 2241 3737 l
