2326 4080
343 1876 485 1923 Dimiffls

340 1926 422 1959 mhil
440 1925 497 1958 de-

340 1974 390 2008 bet
410 1976 515 2006 Socie-

341 2031 398 2056 tas.

341 2093 487 2120 Decretum

341 2132 510 2171 Congregq.

563 358 668 399 102
804 354 1046 396 IMAGO
1092 354 1302 395 PRIMI
1344 351 1609 393 SAECVLI
1652 350 1801 390 SOCe
1847 350 2004 392 IESV.

556 430 644 474 iam
684 442 779 474 tum
809 431 961 474 animo
994 436 1037 474 &
1074 426 1293 475 voluntate
1326 426 1351 474 a
1383 422 1612 487 Religione
1644 421 1844 469 defeciise.
1876 440 1978 468 nam
2006 441 2100 488 quae
2122 442 2203 489 po-

557 492 636 539 test
658 493 735 539 effe
765 495 874 540 iusta
905 510 994 540 tam
1020 489 1234 539 horribilis
1266 509 1365 537 cum
1385 493 1484 536 Deo
1513 488 1687 549 diuortij
1715 503 1787 533 aut
1811 487 1940 550 digna
1966 486 2058 535 satis
2085 492 2202 539 caus-

558 557 624 604 sa?
650 558 911 605 Cedendum
938 574 1082 604 tamen
1111 554 1288 604 subinde
1314 557 1627 618 importunitati
1651 567 1770 616 putat
1796 556 1975 598 Societas
1993 591 2006 610 ,
2026 570 2120 602 tum
2149 575 2203 604 ne

560 623 614 669 ad
641 624 826 671 tristiora
860 622 1034 671 consilia
1063 622 1313 684 confugiant
1340 621 1431 667 satis
1468 622 1552 665 iam
1584 616 1793 676 infelices,
1829 615 2029 682 suamque
2066 626 2203 685 gemi-

559 705 661 736 nent
695 687 889 747 cladem3
916 706 1009 735 tum
1042 691 1170 733 etiam
1203 690 1304 749 quia
1338 687 1497 732 frustus
1528 683 1583 730 ab
1620 681 1702 729 illis
1730 680 1878 744 sperari
1910 701 2088 746 magnus
2110 704 2201 735 non

558 754 713 817 potest,
730 758 806 818 qui
827 758 912 801 iam
934 752 1109 800 meliore
1131 750 1193 798 sui
1214 768 1354 815 parte,
1373 750 1458 797 hoc
1478 747 1537 795 est
1562 753 1729 808 animo,
1743 744 1952 810 Religiofi
1975 749 2051 795 esse
2073 750 2202 799 defle-

557 835 670 866 runt.
688 819 1012 867 Cundhibunda
1028 834 1172 864 tamen
1187 817 1245 863 est
1258 820 1438 862 Societas
1457 821 1499 860 δε
1518 811 1699 860 difficilis
1725 818 1767 857 in
1782 812 1992 859 eiusmodi
2010 814 2202 865 homini-

560 883 639 930 bus
657 884 1084 943 dimittendis,etiam
1101 898 1217 940 tune,
1239 882 1336 927 cum
1349 878 1451 929 vtile
1470 879 1639 926 videtur
1655 877 1709 925 ab
1727 875 1803 923 illo
1823 881 1897 940 qui
1912 878 2203 932 defecstionein

557 966 692 1011 Vrget,
707 948 887 997 liberari:
904 967 997 996 tum
1012 951 1112 1011 quia
1132 946 1220 993 haec
1231 944 1453 992 difficultas
1473 942 1704 991 nonnullos
1720 942 1772 988 ad
1787 940 1993 990 saniorem
2009 963 2200 997 mentem

556 1014 730 1074 reducit,
749 1031 842 1062 tum
859 1018 958 1078 quia
980 1012 1150 1059 aduersa
1163 1012 1259 1057 huic
1277 1011 1452 1058 facilitas
1469 1007 1615 1056 multis
1635 1008 1728 1055 effet
1743 1009 1986 1070 perniciosa.
2013 1012 2092 1060 Sed
2108 1031 2199 1061 non

557 1078 656 1127 ideo
675 1079 809 1126 censet
826 1077 1107 1142 exspetstandu
1115 1096 1155 1122 m
1162 1075 1266 1136 ,don
1274 1094 1318 1123 ec
1333 1075 1418 1139 spes
1432 1075 1492 1122 est
1506 1072 1785 1136 resipiscendi.
1804 1073 1936 1137 Qid
1949 1078 2065 1123 enim
2079 1081 2201 1126 iuua-

555 1162 617 1192 ret
634 1145 877 1192 dimittendi
892 1143 1088 1208 potestas,
1102 1141 1200 1188 cum
1218 1140 1307 1187 talis
1326 1140 1410 1205 spei
1429 1158 1515 1186 non
1534 1138 1640 1186 alius
1655 1137 1704 1186 sit
1719 1142 1921 1185 terminus
1932 1142 2065 1202 quam
2084 1147 2196 1192 vitae?

556 1208 695 1257 Nulla
709 1215 824 1256 enim
844 1210 904 1256 est
921 1226 1010 1256 tam
1029 1205 1250 1270 deplorata
1266 1205 1541 1269 improbitas,
1555 1208 1669 1251 cuius
1688 1202 1965 1250 emendandae
1982 1204 2070 1269 spes
2087 1226 2200 1273 quo-

554 1293 639 1339 que
665 1274 884 1336 deplorata
914 1272 984 1330 sit,
1016 1271 1116 1319 cum
1143 1276 1213 1321 via
1234 1289 1477 1336 numquam
1501 1271 1586 1317 sera
1614 1268 1663 1318 sit
1695 1270 1748 1318 ad
1774 1268 1912 1316 bonos
1936 1288 2100 1334 mores,
2128 1293 2199 1324 aut

553 1339 789 1387 obstrucsta.

619 1405 751 1452 Porro
767 1404 1006 1452 Sacerdotes
1026 1408 1101 1470 qui
1116 1402 1403 1460 dimittuntur,
1423 1401 1495 1451 etsi
1509 1419 1600 1449 non
1620 1398 1808 1449 habeant
1824 1420 1915 1467 quo
1933 1402 2101 1452 alantur
2115 1445 2128 1464 ,
2145 1406 2199 1453 de

553 1475 725 1523 nemine
738 1487 882 1518 tamen
897 1469 976 1517 nifi
990 1470 1041 1517 de
1056 1469 1095 1516 se
1116 1474 1238 1534 queri
1264 1469 1444 1533 poss'unt.
1468 1469 1535 1516 vsa
1559 1467 1619 1514 est
1644 1472 1760 1513 enim
1781 1472 1962 1515 Societas
1994 1472 2083 1516 iure
2104 1470 2194 1519 suo:

553 1536 673 1600 quod
697 1540 763 1583 ius
784 1538 882 1583 cum
903 1554 991 1582 non
1012 1540 1249 1599 ignorarent
1266 1574 1278 1594 ‚
1305 1550 1377 1581 aut
1395 1538 1645 1581 Societatem
1664 1532 1826 1581 ambire
1842 1551 1931 1580 non
1947 1533 2197 1598 debuerant,

554 1616 627 1648 aut
646 1600 877 1649 calamitati
901 1620 990 1648 non
1019 1600 1173 1648 dedisse
1192 1599 1387 1646 caussam.
1416 1603 1572 1664 Neque
1589 1597 1820 1661 Episcopos
1836 1640 1848 1660 ‚
1866 1602 1943 1662 qui
1960 1600 2080 1647 sacris
2098 1600 2197 1650 illos

552 1669 794 1727 initiarunt,
810 1666 898 1715 vlla
913 1666 977 1714 lex
992 1665 1158 1730 obligat
1174 1684 1243 1713 eos
1259 1663 1412 1716 alendi,
1438 1681 1483 1712 vt
1498 1663 1713 1729 perper-am
1732 1663 1755 1710 a
1771 1663 2030 1728 quibusdam
2054 1667 2197 1715 existi-2

552 1747 709 1779 matur.
726 1735 820 1778 Iure
840 1735 955 1779 enim
973 1731 1048 1778 suo
1065 1748 1167 1778 tunc
1191 1731 1390 1778 cess'erunt
1400 1769 1414 1789 ,
1429 1730 1528 1778 cum
1546 1727 1797 1779 voluntariae
1814 1734 2069 1794 paupertatis
2098 1736 2196 1781 titu-

551 1794 597 1843 lo
616 1796 750 1845 sacros
769 1798 954 1845 Ordines
972 1796 1190 1860 suscepere.

616 1862 695 1909 Sed
710 1881 847 1927 neque
863 1867 1042 1910 Societas
1062 1866 1109 1908 iis
1132 1862 1375 1926 quidquam
1392 1860 1540 1917 debet,
1569 1877 1713 1923 praeter
1731 1879 2012 1908 communem
2031 1901 2043 1921 ,
2062 1880 2196 1926 quam

552 1930 688 1974 cuiuis
704 1928 938 1975 hominum
953 1927 1095 1986 debet,
1112 1927 1375 1975 charitatem.
1390 1925 1547 1988 Qiam
1572 1942 1714 1972 autem
1733 1925 1816 1972 hoc
1828 1944 1999 1991 aequum
2015 1925 2079 1987 fit,
2091 1945 2196 1993 prae-

552 1992 660 2039 clare
683 1993 855 2041 deducit
874 1996 1102 2040 Decretum
1120 1996 1297 2039 tertium
1326 1995 1684 2057 Congregationis
1716 1991 1929 2054 septimae,
1954 1994 2073 2058 quod
2102 1998 2197 2042 vni-

550 2059 736 2117 uersum,
764 2077 840 2105 nec
857 2062 974 2122 apice
990 2073 1318 2121 mutat0,operae
1334 2056 1394 2104 est
1407 2060 1590 2120 pretium
1605 2056 1874 2110 liicinserere5
1891 2056 1946 2104 sic
1960 2073 2103 2107 aurem
2120 2059 2196 2106 ha-

550 2122 636 2170 bet:
665 2123 782 2171 Cum
801 2126 967 2170 ratione
985 2123 1218 2170 Sacerdotis
1238 2122 1484 2176 cuiusdam,
1507 2125 1582 2185 qui
1609 2125 1869 2184 importunis
1898 2122 2196 2185 postulationb

549 2187 630 2235 bus
651 2188 943 2236 dimissionem
961 2189 983 2236 ὲ
1005 2191 1211 2236 Societate
1238 2192 1561 2251 impetrauerat,
1582 2184 1866 2252 pontificique
1883 2186 2078 2236 libellum
2098 2189 2196 2254 sup-'

548 2254 705 2317 plicem
726 2254 780 2301 ad
798 2252 999 2301 alimenta
1018 2254 1042 2302 a
1060 2256 1266 2300 Societate
1282 2252 1547 2317 impetranda
1571 2250 1810 2312 obtulerat,
1836 2252 2102 2316 propositum
2125 2274 2198 2320 per

547 2318 884 2366 Illustrissimum
909 2317 1188 2366 Cardinalem
1222 2317 1534 2366 Bellarminum
1561 2316 1585 2364 a
1612 2315 1682 2364 sua
1707 2321 1940 2365 Sanfftitate
1964 2319 2120 2380 suisset,
2146 2338 2195 2370 vt

546 2384 803 2448 prospiceret
823 2388 1023 2440 Societas,
1045 2384 1150 2448 qnid
1166 2383 1281 2430 faeno
1296 2402 1403 2447 opus
1420 2383 1516 2429 esset
1533 2386 1641 2428 circa
1659 2382 1848 2431 dimissos
1863 2383 1886 2431 a
1903 2383 2106 2432 Societate
2122 2390 2194 2434 Sa.

546 2449 753 2509 cerdotes‚
779 2454 856 2514 qui
879 2453 1096 2496 maiorum
1124 2447 1378 2508 hereditate,
1406 2447 1569 2513 quiq'ue
1597 2446 1838 2512 Religionis
1870 2449 2080 2515 omnique
2104 2450 2192 2500 alio

544 2514 671 2562 titulo
691 2531 846 2561 carent:

609 2580 711 2627 Post
724 2580 873 2627 seriam
891 2580 1188 2646 prolixamque
1202 2579 1326 2629 huius
1343 2581 1399 2624 rei
1416 2575 1731 2639 discussionem,
1751 2577 1911 2626 censuit
1939 2582 2191 2645 Congrega-

545 2649 624 2705 tio,
642 2649 769 2692 omni
784 2650 920 2694 animi
934 2646 1212 2694 submissione
1227 2642 1466 2708 rogandam
1486 2646 1561 2690 esse
1578 2644 1695 2690 suam
1721 2647 1998 2691 Sanffltatem
2013 2685 2026 2705 ‚
2041 2645 2191 2711 digna-

546 2727 657 2757 retur
674 2715 890 2758 societatis
904 2716 1007 2771 ium,
1022 2711 1313 2775 receptamque
1331 2712 1417 2754 iam
1436 2709 1535 2755 inde
1550 2708 1606 2756 ab
1619 2713 1743 2756 initio
1756 2710 1816 2757 sui
1836 2710 2188 2761 consuetudinem

546 2779 651 2822 tueri
668 2796 677 2821 ε
698 2777 884 2822 maxime
906 2777 1004 2824 cum
1019 2775 1268 2841 grauissime:
1285 2773 1428 2821 causs'ae
1440 2772 1521 2821 fint
1536 2815 1549 2835 ‚
1576 2792 1672 2839 quat
1687 2774 1794 2823 nihil
1807 2778 1850 2822 in
1871 2775 1949 2823 hac
1963 2793 2003 2822 re
2019 2793 2189 2824 mutan-

544 2841 652 2887 dum
672 2840 884 2888 suadeant.
1149 2889 1153 2892 ,

611 2906 679 2952 Ac
696 2906 854 2969 primo,
885 2904 1158 2969 paucissimos
1180 2905 1203 2954 a
1222 2909 1428 2954 Societate
1445 2904 1607 2952 dimitti
1619 2945 1631 2966 ‚
1652 2908 1728 2970 qui
1744 2904 1958 2953 alimentis
1981 2904 2034 2952 ad
2051 2909 2187 2954 vitam

542 2972 774 3017 neceffariis
790 2988 970 3017 careant:
986 2990 1033 3018 ac
1047 2976 1117 3020 vix
1130 2976 1173 3018 in
1188 2970 1361 3036 singulis
1379 2974 1612 3017 Prouinciis
1631 2989 1767 3019 vnum
1787 2970 2020 3019 alterumve
2037 2975 2188 3034 reperi-

544 3039 578 3082 ri
598 3035 711 3098 posse
735 3039 811 3100 qui
841 3051 988 3099 egeat:
1010 3035 1103 3082 imo
1127 3041 1170 3083 in
1187 3034 1375 3083 vniuerffi
1394 3039 1601 3082 Societate
1618 3035 1725 3083 adeo
1749 3036 1826 3082 esse
1849 3055 2029 3100 paucos,
2060 3053 2106 3082 vt
2129 3037 2186 3085 ab

541 3101 750 3149 omnibus
783 3104 913 3148 totius
934 3104 1153 3147 Societatis
1180 3100 1518 3148 Prouincialibus
1533 3140 1545 3159 ,
1575 3105 1648 3165 qui
1668 3104 1822 3149 Romae
1839 3119 1958 3149 nunc
1980 3100 2098 3161 sunt,
2115 3106 2186 3151 vix

540 3166 689 3213 decem
710 3169 795 3212 eius
812 3170 969 3228 generis
987 3165 1186 3212 homines
1202 3165 1413 3229 designari
1428 3163 1594 3228 possint.

605 3230 803 3278 Secundo
818 3269 830 3289 ,
858 3234 965 3277 inter
991 3239 1059 3276 eos'
1078 3235 1152 3294 qui
1178 3230 1485 3289 dimittuntur,
1511 3234 1582 3278 vix
1611 3248 1877 3295 quemquam
1899 3233 2091 3294 reperiri,
2108 3235 2183 3296 qui

538 3314 628 3344 non
656 3299 703 3342 iis
735 3313 895 3343 naturae
917 3296 1041 3342 donis
1056 3333 1069 3352 ³
1090 3300 1388 3343 exercitatione
1411 3295 1636 3359 studioque
1656 3299 1699 3342 in
1723 3300 1929 3343 Societate
1955 3294 2184 3343 confirma-

538 3366 606 3421 tis,
625 3361 824 3426 praeditus
843 3359 904 3419 fit,
924 3376 970 3409 vt
995 3359 1109 3407 facili
1129 3365 1304 3425 negotio
1323 3361 1623 3407 conditionem
1650 3359 1851 3424 consequi
1876 3359 2024 3424 poffit,
2044 3361 2127 3424 qusi
2145 3362 2183 3408 se

538 3426 757 3491 vitamque
778 3426 898 3474 suam
916 3426 1109 3474 modeste
1130 3435 1172 3475 &
1195 3424 1375 3476 honeste
1398 3441 1578 3487 tueatur,
1595 3424 1627 3474 fi
1647 3426 1784 3473 modo
1802 3429 1882 3474 viri
1909 3425 2013 3474 boni
2032 3424 2182 3539 offficio

2075 3509 2181 3556 ungi
