2321 4013
0 1976 2 1978 ’
48 1990 49 1994 ¹
108 1959 211 2018 paris
230 1954 500 2018 vitii5,insita
516 1961 646 2022 pietas
672 1957 961 2023 pulcherrimo
976 1963 1169 2023 germine
1195 1978 1218 2006 a

245 306 407 349 LIBER
439 301 658 348 SEXTVS.
696 306 967 351 SOCIETAS
1010 310 1582 361 FLANDRO—BELGICA.
1671 317 1771 376 783

123 385 242 440 vnict'i
270 385 547 434 Hassetanam
577 387 789 436 ditionem
803 429 815 449 ‚
834 388 1012 456 locaque
1023 395 1164 440 vicina
1188 411 1446 458 peragrantes
1461 437 1474 458 ,
1489 402 1678 464 quinque
1694 403 1721 451 h
1733 424 1783 452 0-

121 455 291 498 minum
305 450 498 500 millibus
516 454 606 501 Vno
619 470 811 518 tempore
825 458 1091 520 impertinere
1106 463 1370 508 Sacramenta
1387 482 1397 508 ε
1421 461 1484 510 bis
1503 463 1620 511 mille
1634 466 1685 512 de
1700 484 1768 516 to-

118 516 159 563 ta‘i
172 517 258 564 vita
275 515 523 565 confitentes
539 518 735 566 audiuere
752 539 762 566 ε
780 538 858 567 nec
871 520 964 568 raro
980 526 1120 586 quinis
1138 528 1181 571 in
1196 524 1265 572 die
1285 524 1401 574 horis
1412 565 1427 585 ,
1445 547 1516 592 per
1531 532 1772 594 interualla,

119 581 386 629 necessarium
401 582 452 630 de
466 580 586 631 rebus
600 584 712 632 Fidei
727 584 780 632 acl
795 591 1051 635 concionem
1064 589 1443 654 frequentissimam
1458 594 1574 643 iuxta
1586 605 1629 644 δε
1642 601 1768 647 iono-

119 645 397 695 rantissimam
425 647 609 696 habuere
633 651 895 698 sermonem.
936 654 1040 699 Mos
1066 653 1128 702 ibi
1150 653 1280 720 longe
1305 657 1505 721 pessimus
1537 639 1783 714 inolesierat

117 714 266 776 ineptae
280 710 390 760 illius
411 714 787 780 confeffronis,quii
799 721 1031 780 generatim
1048 719 1086 765 st:
1102 721 1280 783 peccass'e
1293 722 1599 786 fatebantur,&
1617 727 1774 778 habere

65 799 68 804 ·
117 795 223 840 opus
241 778 585 826 condonationis.
613 785 710 828 Nec
723 799 894 845 gregem
911 782 1064 840 modo,
1083 783 1150 831 sed
1169 784 1353 832 Pastores
1372 789 1482 851 ipsos
1504 796 1638 854 grauis
1654 813 1773 842 mor-

119 840 195 889 bus
212 843 430 902 inuaserat3
446 863 642 908 quorum
660 846 728 907 alij
749 865 950 895 venerem
964 846 1154 912 aliquam
1170 848 1340 898 alebant
1353 852 1507 914 domi,
1520 855 1773 908 aberrabant

117 905 183 969 alij
204 909 229 955 a
252 908 608 976 Fide‚nol³trisque
621 912 838 976 speciatim
853 929 1022 976 peccata
1039 912 1282 962 confitenda
1297 915 1549 966 docentibus
1567 921 1771 972 reclama..

115 970 231 1032 bant,
249 972 368 1038 quasi
393 993 607 1024 nouarum
623 976 831 1025 haeresum
849 977 1236 1027 disseminatoribus
1253 1017 1261 1026 .
1301 983 1395 1029 Tot
1414 987 1622 1051 tantisque
1648 989 1775 1037 malis

115 1036 386 1103 exstirpandis
401 1059 658 1106 magnopere
674 1042 923 1090 insudatum
936 1069 950 1097 ,-
974 1053 1018 1092 ὃς
1043 1049 1087 1092 in
1114 1045 1285 1093 discessu
1304 1047 1547 1112 petentibus
1574 1055 1775 1102 Parochis

114 1104 266 1168 scriPto
283 1104 403 1153 datus
421 1106 658 1156 confitendi
683 1107 840 1156 modus
858 1148 872 1169 ,
902 1112 1123 1173 ignoranti
1141 1110 1306 1176 populo
1335 1114 1664 1178 quotmensibus
1684 1124 1695 1171 (
1719 1124 1776 1167 ita

113 1168 404 1233 spondebant)
422 1172 720 1237 praelegendus.
772 1178 832 1221 Ex
860 1175 1117 1223 Louaniensi
1144 1175 1346 1242 Collegio
1381 1182 1493 1227 itum
1524 1178 1704 1229 subinde
1730 1188 1775 1232 in

44 1297 45 1300 Ἴ
114 1233 402 1284 Ardennatem
420 1235 570 1285 siluam
590 1263 601 1297 3
621 1238 696 1287 vbi
713 1257 849 1286 mores
867 1239 1119 1302 hominum,
1133 1239 1217 1289 loci
1231 1260 1428 1290 naturam
1443 1248 1618 1304 imitati,
1633 1247 1775 1296 cultu-

112 1316 199 1347 ram
215 1301 333 1350 haud
348 1302 613 1350 mediocrem
628 1303 853 1369 exigebant
868 1341 878 1351 .
916 1307 1060 1353 Excisa
1089 1324 1235 1354 tamen
1254 1312 1359 1358 vitia
1390 1309 1596 1374 improbo
1612 1311 1773 1376 labore,

113 1373 156 1413 &
171 1366 305 1431 sparsa
330 1369 445 1415 Fidei
466 1369 730 1417 sementis‘in
746 1388 954 1434 magnam
988 1372 1161 1419 messem
1178 1410 1187 1419 .
1230 1375 1480 1438 Pauperculi
1506 1376 1771 1427 Ardennates

44 1474 47 1478 ,
110 1447 156 1481 Vt
172 1437 277 1495 grati
298 1433 423 1481 essent
434 1473 447 1494 ,
464 1438 654 1482 triticum
668 1475 682 1494 ,
703 1454 839 1482 carnes
854 1475 869 1495 ‚
889 1436 991 1483 &id
1006 1455 1136 1502 genus
1152 1437 1291 1486 multa
1318 1439 1510 1487 Patribus
1528 1440 1769 1506 offerentes,

45 1528 47 1531 v
110 1494 248 1545 effufis
271 1497 466 1563 lacrymis
486 1504 772 1547 immaturum
790 1500 960 1548 abitum
990 1503 1364 1568 prosequebantur.
1405 1509 1501 1553 Nec
1518 1509 1772 1557 otiofiaiute-

109 1564 189 1609 rim
203 1564 509 1612 Ruraemunda.
527 1565 703 1613 cultores
719 1570 763 1613 in
781 1569 922 1614 vicina
942 1565 1062 1615 mifit
1076 1568 1239 1632 oppida
1254 1570 1474 1618 Masecam
1490 1612 1503 1632 ‚
1520 1571 1769 1636 Stralenam,

109 1627 379 1690 Erclensiam,
404 1630 665 1692 Sittardiam‚
681 1631 922 1691 Vuchtam,
939 1632 1519 1697 Hinsbergam,Weertaeam.
1536 1641 1628 1685 Tot
1645 1637 1772 1688 fimul

108 1689 209 1740 locis
228 1694 422 1743 adhibita
443 1695 617 1754 cultura,
638 1696 723 1761 qua
747 1695 1029 1744 concionibus
1049 1698 1512 1764 Qadragesimalibus
1530 1742 1542 1762 ‚
1558 1702 1643 1765 quai
1660 1722 1772 1752 cate-

109 1756 279 1807 chismis
292 1800 304 1821 ,
319 1760 405 1825 qua
422 1765 595 1825 priuatis
622 1759 909 1825 congressibus
927 1786 938 1819 3
957 1763 1123 1826 populo
1146 1780 1235 1810 tam
1252 1766 1478 1829 propenso,
1497 1784 1541 1814 vt
1556 1771 1770 1816 Weertceae

107 1839 443 1890 nonnumquam
461 1830 505 1873 in
524 1826 782 1874 catechismo
793 1830 868 1873 tria
890 1825 1128 1875 hominum
1144 1827 1281 1876 millia
1299 1832 1574 1878 censerentur.
1622 1832 1772 1881 Nobi-

0 1910 2 1919 ’
47 1942 49 1944 ,
108 1885 217 1951 lium
233 1889 361 1939 multi
378 1891 432 1939 ad
450 1909 596 1940 veram
614 1891 761 1940 Fidem
779 1891 833 1940 ab
848 1890 990 1940 haeresi
1011 1897 1211 1955 reuocati,
1268 1893 1375 1942 lures
1393 1895 1414 1942 ἐ
1431 1894 1555 1960 plebe
1568 1933 1577 1942 .
1619 1899 1773 1954 Exstir-

1220 1913 1409 2008 csoleuit.
1450 1965 1558 2007 Haec
1581 1966 1625 2008 in
1640 1968 1771 2029 oppi-

108 2018 183 2067 dis.
218 2025 337 2086 Pagi,
354 2041 462 2087 quos
477 2040 661 2071 extrema
676 2022 796 2089 paene
810 2022 1020 2071 barbaries
1035 2024 1291 2089 oppresserat
1302 2063 1315 2083 ,
1331 2024 1384 2073 ad
1403 2024 1661 2074 Christianae
1673 2033 1772 2078 vitae

108 2102 310 2135 normam
323 2088 520 2136 instituti.
562 2089 749 2136 Pastores
762 2087 1086 2154 Sacerdotesc'lue
1110 2088 1256 2136 multis
1269 2088 1372 2137 locis
1400 2091 1696 2153 concubinarij
1716 2094 1770 2143 ad

108 2151 410 2205 castimoniam
423 2153 606 2221 vitaeq'ue
620 2158 851 2219 puritatem
865 2152 1054 2201 traducti
1072 2191 1080 2200 .
1137 2153 1216 2202 Sed
1227 2154 1422 2202 infinitus
1442 2152 1521 2203 fim
1540 2195 1554 2214 ‚
1578 2154 1610 2203 fi
1624 2157 1690 2205 vel
1704 2176 1767 2206 at-

114 2220 271 2282 tingere
304 2237 430 2267 coner
462 2238 557 2285 quae
572 2238 666 2267 rure
681 2260 695 2281 ‚
712 2239 807 2286 quae
822 2223 865 2266 in
890 2218 1067 2267 vrbibus
1086 2223 1282 2268 Societati
1295 2239 1385 2268 non
1418 2219 1617 2269 habitatis
1635 2224 1768 2287 perfe-

0 2305 3 2330 ι
50 2274 54 2318 Ᾰ
109 2283 545 2334 citrnissionariorum
575 2285 721 2334 labor.
777 2284 1083 2350 Collegiorum
1112 2289 1316 2334 omnium
1334 2285 1408 2343 est,
1428 2304 1498 2349 per
1516 2303 1668 2350 agrum
1690 2293 1768 2336 cir-

0 2368 7 2378 ‚
39 2361 47 2366 ·
109 2350 370 2411 cumfusum,
389 2354 432 2398 in
448 2355 593 2400 vicina
608 2350 802 2416 vndique
835 2349 999 2415 oppida
1023 2367 1234 2414 penetrare
1250 2389 1259 2397 .
1301 2352 1530 2399 Dunkercz'i
1545 2352 1768 2402 Grauelin-

108 2429 208 2478 gam
224 2420 455 2465 excurritur
470 2426 515 2465 &
533 2421 811 2482 Neoportum
830 2442 840 2475 3
873 2418 973 2480 Ipris
989 2415 1262 2464 Dixmudam
1281 2441 1291 2475 3
1319 2420 1528 2464 Cortraco
1544 2419 1765 2479 Menenas;

0 2501 3 2511 ¹
51 2483 53 2488 ’
109 2477 262 2530 Alosto
292 2481 696 2531 Gerardimontium
725 2507 736 2540 3
773 2481 1013 2545 Antuerpiz‘i
1046 2480 1257 2529 Hulstum
1287 2507 1298 2539 3
1327 2482 1422 2529 Lirz'i
1448 2482 1761 2544 Herentaliam3

114 2545 318 2594 Bruxellis
332 2546 624 2607 Viluordiam3
640 2551 836 2595 Louanio
851 2546 1130 2607 Arschotum,
1155 2546 1330 2595 Thenas
1344 2588 1357 2608 ‚
1372 2547 1579 2595 Sichimas
1595 2587 1608 2606 ,
1624 2550 1766 2598 Diest-

109 2606 320 2669 bernium,
341 2612 630 2661 Gemblacum
648 2654 660 2673 ,
676 2612 951 2662 Geldoniam.
997 2615 1198 2676 Denique
1223 2631 1313 2660 non
1339 2612 1555 2678 oppidum
1570 2613 1630 2660 est
1646 2653 1658 2673 ‚
1675 2632 1765 2662 non

110 2692 238 2741 pagus
254 2718 266 2738 ‚
287 2677 377 2742 quo
391 2697 481 2726 non
507 2683 745 2744 pertingant
772 2675 944 2742 speciofi
979 2676 1370 2742 euangelizantium
1397 2678 1519 2743 pedes
1539 2704 1549 2736 3
1574 2697 1765 2743 quorum

111 2738 213 2791 alibi
226 2742 280 2790 ad
294 2743 609 2804 hebdomadas,
625 2744 729 2793 alibi
743 2743 796 2790 ad
810 2744 968 2790 menses
988 2743 1226 2790 constantia
1242 2743 1302 2791 est
1317 2783 1330 2803 ,
1346 2761 1422 2808 pro
1436 2743 1551 2792 vari-3.
1569 2743 1761 2792 excolen-

54 2816 58 2825 '
111 2804 154 2853 di
167 2806 244 2856 soli
257 2808 416 2856 natura.
452 2811 578 2857 Arces
595 2815 698 2857 item
715 2827 864 2857 omnes
880 2816 924 2856 ὃς
939 2807 1258 2873 propugnacula
1270 2807 1526 2857 fluminibus
1545 2809 1764 2874 imposita,

110 2871 175 2920 vel
188 2872 383 2922 hostibus
400 2873 596 2922 finitimis
609 2874 796 2935 obieeta,
810 2892 905 2939 quae
924 2872 1007 2920 fere
1023 2873 1273 2921 diuinorum
1290 2891 1431 2921 carent
1457 2873 1608 2921 solatio
1627 2899 1636 2928 ς
1657 2878 1763 2938 quin

111 2938 195 3002 ipsa
209 2958 305 3005 quae
321 2943 366 2987 in
391 2943 637 3006 Antuerpiae
652 2939 829 2998 tutelam
845 2937 1099 3003 praesidiario
1124 2939 1329 2987 instructa
1352 2937 1489 2986 milite
1515 2938 1670 2986 Scaldis
1686 2939 1762 2986 ha—

112 2999 181 3050 bet
204 3009 377 3069 nauigia
402 3010 414 3060 (
433 3004 507 3054 vbi
534 3010 673 3053 maior
698 3010 829 3052 etiam
854 3003 1112 3069 indigentia)
1140 3022 1229 3065 pars
1255 3001 1412 3052 laboris
1436 3005 1552 3064 sunt,
1567 3023 1694 3069 quem
1713 3008 1758 3050 in

3 3091 6 3096 ·
57 3111 59 3113 ,
113 3067 398 3121 Miffionibus
417 3075 596 3119 Societas
612 3069 809 3118 exantlat.
822 3072 943 3118 Anni
958 3068 1075 3116 nulla
1092 3069 1316 3117 solennitas
1332 3069 1384 3116 eo
1401 3089 1491 3117 non
1508 3069 1671 3134 aliquot
1684 3072 1756 3114 Sa-

113 3133 292 3183 cerdotes
305 3153 446 3197 vocat,
458 3138 605 3184 faecem
620 3135 739 3183 illam
756 3135 1000 3183 lustratione
1013 3135 1119 3182 sacra
1135 3152 1454 3200 expurgaturos.

176 3204 322 3248 Sextus
341 3200 478 3261 labor,
495 3207 863 3252 Sacramentorum
883 3204 1148 3248 Poenitentiae
1174 3210 1217 3249 δε
1242 3200 1516 3248 Eucharistiae
1541 3195 1752 3242 ministra·
1768 3195 1955 3276 ᾖὸἴῑςΐεζῖ

1726 3264 1732 3270 ”
1824 3269 1834 3284 >

2 3284 6 3313 1
113 3264 185 3312 tio.
212 3268 330 3313 Ante
356 3270 575 3315 Societatis
604 3267 839 3315 aduentum
859 3284 971 3313 rarus
990 3265 1129 3330 Belgis
1154 3275 1196 3314 &
1211 3265 1295 3312 fere
1309 3264 1450 3312 exosus
1468 3255 1754 3307 Confessionis
1768 3301 1944 3325 memorum

115 3327 220 3377 Vsus:
238 3335 313 3396 qui
329 3337 489 3394 primus
508 3333 562 3381 ad
582 3331 750 3380 haereses
765 3332 918 3396 gradus
935 3332 1028 3379 fuit.
1070 3331 1374 3388 Confeffione,
1388 3325 1509 3374 nullo
1527 3329 1662 3389 magis
1676 3326 1755 3371 fre—
1769 3338 1929 3371 ministra.

59 3400 62 3427 ²
115 3407 172 3442 110
188 3397 468 3462 compescitur
495 3403 592 3447 vitae
615 3396 785 3447 libertas
800 3437 814 3458 ,
832 3413 965 3446 mater
982 3400 1186 3445 omnium
1207 3400 1426 3446 vitiorum.
1466 3388 1674 3501 Carolugi
1699 3393 1753 3500 [Y.
1770 3397 1824 3420 ²¹⁰·

1664 3472 1695 3500 ae
1715 3473 1758 3500 a-
