2326 4080
591 370 657 427 96
808 369 1045 417 {MAGO
1088 373 1591 416 PRIMLSAEC-VLI
1636 372 1985 412 SOC.1ESV.

587 447 694 495 latos
712 465 852 494 autem
873 453 1160 512 &imperatos
1177 446 1355 493 honores
1369 484 1382 505 ,
1399 444 1476 492 nisi
1496 449 1693 508 praecepti
1708 450 1766 492 vis
1785 444 1951 508 adigat,
1971 452 2015 491 &
2030 447 2226 493 Pontifex

588 514 675 576 ipse
688 513 933 575 compellat,
950 514 1097 561 eadem
1110 516 1202 561 voti
1219 511 1423 575 religione
1441 510 1611 556 recuset.
1642 515 1709 557 Sic
1730 528 1885 572 nempe
1901 509 2097 557 adulatur
2112 515 2227 558 Pori·

588 578 696 625 tilici
712 584 909 638 Societas,
929 597 974 626 vt
987 582 1115 625 etiam
1130 581 1220 625 voti
1236 575 1547 623 sacramentum
1563 574 1635 622 tali
1651 579 1735 621 eius
1750 575 1889 620 fauori
1908 591 2103 638 opponat
2117 616 2129 635 ,
2150 582 2228 641 qui

587 660 696 692 Vnus
712 644 970 691 adulationis
985 645 1145 690 fructus
1169 641 1243 688 ess'e
1261 640 1406 705 pollet.
1437 647 1731 704 Qamquam
1751 657 1839 685 non
1867 638 2067 687 diffitetur
2090 645 2229 688 Socie-

585 719 646 755 tas
664 709 700 755 se
720 708 984 756 Pontificum
1008 711 1188 772 gratiam
1206 725 1253 753 ac
1279 704 1623 752 beneuolentiam
1642 708 1767 751 omni
1792 720 1897 751 voto
1922 722 2109 768 expetere
2125 744 2138 766 ,
2159 707 2228 755 sed

586 774 671 835 qua
699 791 941 839 protegatur
968 789 1113 820 contra
1144 769 1522 829 maleuolentiam,
1542 768 1610 815 sed
1637 769 1720 832 qufi
1757 773 1926 816 iuuetur
1953 773 1996 816 in
2022 775 2228 820 omnium

586 839 715 885 salute
735 838 997 903 procuranda
1012 875 1026 896 ‚
1054 835 1122 884 sed
1148 836 1231 901 qua
1259 838 1424 882 munita
1441 834 1561 881 latius
1587 833 1776 898 prodeffe
1802 841 1844 880 &
1876 832 2066 896 pluribus
2087 835 2228 900 poffir.

585 921 681 968 quae
695 923 783 951 non
801 904 860 952 est
876 905 1049 950 infamis
1070 911 1113 949 ὃ(
1127 899 1406 948 erubescenda
1424 900 1642 946 honorum
1656 937 1670 959 ,
1685 898 1754 945 sed
1779 898 2005 946 laudabilis
2027 909 2069 948 ὃς
2087 901 2231 950 saneta

587 967 788 1030 laborum
814 967 1012 1016 ambitio.
1041 965 1263 1014 Nonnulli
1284 965 1461 1029 quidem
1481 964 1502 1011 ὲ
1520 968 1723 1011 Societate
1740 981 1811 1011 aut
1825 963 2011 1011 honores
2031 965 2232 1015 Ecclesia-

589 1033 728 1093 sticos,
750 1052 823 1081 aut
842 1033 998 1081 delatas
1018 1031 1176 1079 infulas
1195 1029 1412 1087 admisere,
1429 1029 1495 1076 sed
1511 1047 1589 1092 pro
1613 1033 1796 1093 imperio
1819 1029 2066 1089 coa&i,1ed
2089 1031 2111 1078 ἐ
2136 1037 2232 1096 qui-

588 1099 664 1146 bus
677 1099 788 1147 nihil
804 1098 1028 1164 splendidi,
1043 1095 1375 1162 praetertitulum
1395 1093 1635 1158 sacramque
1655 1094 1906 1157 potestatem
1922 1113 2141 1159 accepere5
2162 1115 2229 1147 vt·-

587 1182 689 1228 pote
704 1183 891 1228 quorum
910 1165 1127 1226 stipatores
1153 1162 1265 1207 fuere
1288 1159 1456 1207 barbari
1488 1163 1616 1206 exitio
1633 1159 1806 1207 illorum
1819 1164 2232 1227 imminentes,quo-

589 1246 684 1276 rum
706 1229 814 1277 aulae
839 1247 957 1276 antra
976 1244 1049 1274 aut
1065 1229 1258 1289 tuguria,
1281 1243 1470 1289 quorum
1495 1224 1656 1271 deliciae
1680 1226 1810 1271 fames
1831 1234 1874 1273 δε
1897 1223 2009 1284 fitis,
2040 1245 2232 1291 quorum

587 1299 704 1357 quies
727 1299 919 1357 perennis
935 1292 1073 1348 labor,
1094 1306 1282 1355 quorum
1303 1289 1513 1354 stipendia
1531 1288 1660 1354 gladij
1675 1330 1688 1349 ‚
1716 1289 1823 1350 tela,
1848 1291 2003 1338 secures
2020 1331 2032 1351 ,
2052 1311 2230 1342 venena.

588 1363 655 1405 Sic
678 1360 730 1406 ad
749 1358 876 1405 Indos
898 1359 1111 1422 prosterus
1132 1357 1191 1404 est
1210 1360 1422 1402 Xauerius
1439 1359 1634 1402 Nuntius
1661 1356 1952 1419 ApostolicuS.
1985 1361 2052 1404 Sic
2070 1358 2231 1406 Saline-

587 1442 665 1469 ron
683 1433 725 1471 ὃς
744 1427 924 1470 Broe'tus
941 1424 1098 1484 Nuntij
1127 1420 1373 1485 Apostolici
1390 1423 1414 1468 a
1439 1420 1650 1468 pontifice
1672 1421 1872 1468 destinati
1888 1422 1983 1468 sunt
2008 1426 2051 1468 in
2075 1423 2233 1472 Hiber-

586 1494 720 1547 niam,
745 1506 810 1536 tot
825 1493 919 1537 vitae
937 1487 1128 1552 periculis
1143 1503 1252 1551 quot
1269 1487 1471 1534 haereticis
1484 1526 1496 1547 ,
1515 1490 1590 1550 qui
1609 1490 1695 1533 iam
1714 1502 1807 1533 tum
1832 1504 1969 1534 rerum
1990 1486 2077 1535 illic
2095 1495 2234 1553 potie-

587 1553 758 1614 bantur,
777 1553 997 1601 obsessam.
1025 1556 1093 1599 Sic
1112 1551 1300 1599 Morales
1319 1551 1545 1615 Episcopus
1564 1555 1607 1597 in
1632 1555 1856 1615 Iaponiam
1884 1552 1944 1601 est
1972 1553 2131 1602 miffus.
2163 1559 2231 1604 Sic

587 1621 780 1667 Nunnez
799 1624 842 1666 in
869 1617 1106 1682 AEthiopiae
1134 1617 1425 1664 Patriarcham
1441 1616 1702 1664 consecratus
1717 1642 1728 1675 3
1743 1616 1796 1664 sic
1814 1622 1901 1665 eius
1916 1616 2016 1679 socij
2038 1620 2231 1668 Andreas

588 1684 768 1732 Ouiedo
785 1693 827 1732 ὃς
842 1682 1060 1732 Melchior
1075 1686 1268 1730 Carnero
1281 1682 1493 1746 Episcopi,
1511 1685 1697 1730 Nunnio
1714 1682 1823 1729 olim
1849 1682 2089 1744 successuri,
2103 1685 2232 1734 sedin

587 1750 833 1798 discrimina
852 1758 895 1797 &
916 1765 1126 1796 aerumnas
1141 1747 1276 1797 verius
1301 1747 1433 1813 quam
1459 1747 1659 1795 honores.
1686 1749 1753 1794 Ac
1768 1747 1933 1796 tametsi
1953 1747 2134 1796 honores
2156 1755 2234 1799 So·-

588 1820 712 1864 cietas
730 1815 1015 1880 postmodum
1034 1813 1129 1861 illos
1150 1813 1209 1861 est
1225 1814 1468 1877 deprecata,
1487 1830 1604 1860 curas
1622 1829 1766 1860 tamen
1794 1821 1837 1860 δε
1855 1813 2040 1878 pericula
2059 1833 2147 1863 non
2168 1834 2232 1864 re-

586 1883 760 1939 cusauit,
778 1898 968 1946 quorum
985 1879 1071 1927 solii
1090 1879 1128 1926 se
1145 1880 1304 1926 feruere
1317 1880 1496 1943 ferrique
1511 1877 1751 1925 ambitione
1773 1896 1862 1926 non
1881 1896 2020 1945 negat.
2055 1884 2231 1930 Lainius

587 1955 632 1997 &
653 1951 808 2011 Borgia
822 1946 978 1995 sacram
994 1962 1225 2009 purpuram
1244 1944 1387 1992 sanci-91
1402 1943 1592 2008 quadam
1603 1945 1875 1992 contumaci-3
1898 1944 2235 1995 constantissime

586 2015 834 2069 reiecerunt3
853 2030 984 2077 quam
1003 2010 1186 2057 Tolerus
1211 2009 1383 2057 admisit
1400 2011 1574 2056 coactus
1586 2046 1600 2066 ,
1620 2008 1901 2057 Bellarminus
1916 2014 2040 2058 omni
2057 2030 2234 2060 conten-

585 2081 720 2137 tione,
739 2095 871 2142 quam
891 2076 973 2139 ipse
1002 2085 1044 2122 ’ὃς
1068 2080 1252 2138 Societas
1271 2091 1501 2122 extremam
1522 2072 1835 2135 adhibuerunt,
1849 2092 2037 2123 excutere
2050 2094 2138 2123 non
2156 2097 2234 2141 po-

585 2147 682 2189 tuit.
712 2144 820 2190 laius
837 2141 1091 2205 Episcopatu
1100 2156 1142 2187 m
1159 2137 1684 2205 Tergestimim,Cauisius
1696 2141 2002 2201 Viennensem,
2020 2140 2231 2191 Claudius

583 2209 820 2271 Aquauiua
846 2206 1272 2270 Archiepiscopatum
1291 2204 1633 2269 Neapolitanum
1651 2245 1663 2264 ,
1683 2209 1901 2253 Cottonus
1927 2202 2232 2269 Arelatensem,

584 2276 760 2320 inuictis
782 2275 938 2320 animis
965 2271 1264 2334 repudiarunt3
1283 2269 1466 2336 gloriam
1483 2274 1702 2334 ingentem
1717 2289 1867 2317 omnes
1886 2271 2113 2333 consecuti,
2128 2279 2231 2338 quia

584 2337 798 2402 fugerunt.
819 2342 886 2384 Sic
911 2340 1101 2402 Ignatius
1120 2342 1262 2384 omnis
1288 2334 1536 2399 corruptela:
1551 2336 1705 2383 radices
1723 2335 1776 2382 ad
1803 2335 1928 2384 fibras
1953 2337 2080 2402 Vsque
2096 2339 2233 2402 perse-

584 2419 708 2449 cutus
727 2443 740 2462 ,
766 2406 982 2450 Societatis
1016 2401 1305 2449 incolumitati
1330 2405 1454 2448 omni
1483 2419 1532 2447 ex
1564 2400 1927 2464 parteconsuluit.
1956 2403 2113 2467 quibus
2131 2405 2230 2453 cum

585 2472 716 2515 etiam
736 2472 936 2516 acerrima
955 2468 1153 2514 humanae
1171 2466 1454 2531 prouidentiae
1469 2465 1671 2530 sagacitas
1690 2466 1800 2513 nihil
1818 2465 1926 2515 vltra
1942 2469 2095 2515 addere
2114 2470 2230 2533 poffe

585 2533 806 2594 videatur,
835 2537 1002 2581 inuenit
1036 2549 1179 2580 tamen
1215 2536 1404 2597 ignatius
1434 2549 1530 2595 quae
1558 2530 1754 2592 adderet,
1787 2550 1867 2579 nec
1896 2533 2066 2581 leuioris
2095 2533 2231 2600 quam

580 2595 657 2645 villa
679 2603 910 2647 momenti.

936 2730 1271 2786 CAPVT
1351 2730 1874 2784 DECIMVM.

762 2838 896 2898 Tria
925 2837 1148 2919 praterea
1187 2839 1408 2895 Societati
1430 2833 1709 2919 peculiaria,
1745 2854 1844 2918 qma
1855 2837 2032 2914 florem

1118 2942 1176 2977 ac
1204 2928 1442 3002 sugerem
1468 2918 1706 2979 tribmmt.

584 3048 715 3225 [A
740 3050 819 3094 Lta
830 3046 902 3094 illa
918 3051 1071 3110 Ignatij
1093 3068 1229 3106 mens,
1245 3068 1337 3113 quae
1351 3049 1458 3097 nihil
1475 3069 1563 3096 non
1577 3050 1780 3115 perspexit
1791 3045 1989 3109 ‚videbat
2000 3049 2128 3094 etiam
2144 3049 2230 3096 Ress

596 3198 613 3225 i

738 3112 891 3178 ligioni
922 3112 1000 3159 sua:
1027 3113 1305 3161 diuturnitate
1323 3114 1557 3177 periculum
1578 3114 1689 3162 nasci
1709 3115 1835 3179 polle.
1858 3111 2030 3163 videbat
2047 3116 2091 3158 in
2106 3112 2227 3161 rebus

618 3182 785 3226 [imanis
802 3176 912 3224 nihil
939 3196 1146 3241 inagnum
1166 3180 1241 3226 effe
1262 3187 1304 3225 ὃς
1323 3180 1472 3227 durare
1486 3219 1499 3240 ,
1515 3179 1627 3225 nihil
1643 3197 1733 3226 tam
1749 3179 1926 3226 firmum
1944 3176 2064 3242 quod
2084 3178 2230 3240 paula-

583 3249 664 3292 tim
683 3238 904 3290 exedendo
920 3261 1006 3289 non
1028 3247 1280 3306 perimerent
1305 3260 1475 3308 tempus
1495 3254 1538 3292 &
1563 3244 1758 3292 vetustas.
1785 3247 1944 3308 Neque
1964 3246 2081 3289 enim
2098 3261 2227 3306 opera

583 3309 725 3357 solum
740 3324 873 3355 manu
887 3308 999 3354 faCta
1017 3308 1205 3372 &ipsam
1225 3325 1441 3369 naturam,
1455 3309 1521 3357 sed
1537 3312 1664 3356 etiam
1677 3313 1878 3357 virtutem
1905 3317 1948 3356 &
1976 3311 2227 3356 animorum

585 3375 733 3434 robur,
752 3373 838 3438 ipsa
857 3373 943 3419 dies
959 3371 1169 3436 paulatim
1194 3377 1352 3437 carpit,
1367 3383 1410 3422 &
1434 3374 1552 3424 velut
1573 3372 1743 3421 occulta
1759 3374 1942 3421 teredine
1966 3371 2129 3420 sensum
2148 3370 2228 3420 fal-

582 3436 695 3492 lente
722 3454 894 3508 eneruat
921 3438 1098 3488 tandem
1121 3457 1246 3506 atque
1265 3438 1490 3489 consumit.
1513 3443 1665 3506 Itaque
1691 3439 1884 3488 aduersus
1915 3438 2025 3488 hanc
2052 3455 2228 3501 quoque

2056 3518 2228 3568 tempo-
