2321 4013
833 204 846 222 λ

95 327 229 362 Nobiles
241 326 341 360 multi
357 326 505 360 societati
520 326 675 374 adseripti
694 339 766 371 302.
782 331 815 361 &-
831 324 896 373 seq.

93 373 270 410 Nobilium
281 373 299 408 ὲ
311 374 467 409 Societate
477 376 577 409 Beatis
584 373 817 424 adscriptorum
828 371 898 421 spe-

141 436 259 458 cimen.
835 433 895 465 303

94 471 261 508 Nobilitas
276 468 403 518 Belgica
413 465 528 504 saneta.
830 481 899 513 900

94 519 260 555 Nobilitas
272 519 411 556 virtutis,
428 530 496 551 non
507 519 624 566 stirpis,
635 517 804 553 laudanda.
833 530 900 564 544

92 569 262 602 Nobilitas
275 579 360 599 vana
375 565 414 612 est
421 568 489 611 fine
498 578 634 601 virtute.
835 578 896 609 303

94 618 230 652 Nomen
238 613 306 648 aliis
317 626 491 648 commune
502 613 582 663 saepe
593 626 628 649 vt
638 616 807 662 proprium
818 612 901 647 affuae

133 666 252 697 ·mitur.
855 673 895 704 71

94 713 244 748 Nomina
257 710 351 744 variis
366 721 403 743 ex
414 709 525 745 caussis
541 713 765 758 imponuntur.
835 722 846 743 1
855 712 896 743 03

95 761 243 795 Nomina
258 769 397 805 quatuor
422 758 533 793 litteris
548 760 659 793 Deum
674 759 898 807 exprimentia.

147 821 158 842 1
166 812 222 841 06.

95 858 230 902 Nomen
242 856 327 890 Irsv
345 866 402 887 cur
415 865 503 902 gerat
518 857 671 890 Societas.
692 857 805 892 108.εᾷ
813 854 903 901 ftqq.

151 915 471 948 123.124.125.524.

93 953 252 987 Nominis
263 953 343 985 Izsv
359 951 536 987 litterarum
551 949 772 986 consideratio,
837 954 902 985 106

93 1002 245 1035 Nominis
261 1002 342 1034 IEsv
363 1001 621 1047 encomiasticum.
839 1012 850 1032 1
863 1003 902 1043 56

135 1049 174 1082 de
187 1048 290 1082 eodem
300 1051 422 1082 nomine
433 1048 528 1096 elegiae
541 1060 612 1082 tres.
686 1050 800 1093 157.&
812 1044 903 1094 seqq.

94 1098 252 1133 Nominis
274 1097 425 1132 MAniffi.
451 1093 570 1132 festum
586 1098 729 1130 Societas
743 1098 778 1129 in
793 1094 904 1142 Belgio

148 1145 295 1179 instituit.
836 1157 903 1187 779

96 1191 299 1229 Nosocomia
309 1191 532 1228 studiofiffime
546 1193 581 1226 in
595 1191 706 1241 Belgio
725 1189 908 1239 frequentat

143 1243 300 1278 Societas.
836 1243 903 1284 787

475 1314 522 1347 O.

100 1382 191 1473 O
209 1381 374 1416 Bedientia
389 1385 548 1417 virtutum
559 1395 683 1432 parens.
839 1397 876 1428 91
888 1395 902 1428 5

213 1430 419 1467 Obedientiae
431 1431 510 1465 laus.
837 1445 855 1476 9
865 1445 875 1465 1
885 1436 902 1466 8

136 1480 182 1514 est
194 1479 427 1528 compendium
439 1478 661 1527 perfeetionis.
837 1494 855 1524 9
864 1493 874 1513 1
885 1494 902 1523 9

138 1526 249 1562 similis
264 1528 309 1562 est
318 1530 426 1577 ptimo
436 1527 562 1562 mobili.
822 1528 904 1562 ibid.

139 1578 193 1611 via
201 1577 246 1610 est
256 1575 426 1610 certiffima
435 1575 476 1610 ad
491 1578 674 1611 vidioriain.
753 1587 799 1618 40
807 1589 818 1621 ς
825 1603 831 1610 .
838 1589 855 1620 9
863 1590 879 1610 2
888 1589 899 1611 1

136 1637 209 1658 eain
221 1626 387 1660 Societatis
397 1623 542 1660 tesseram
558 1623 619 1659 ess'e
634 1622 738 1659 voluit
748 1626 903 1672 Ignatius.

205 1687 223 1717 9
233 1685 262 1716 3·

138 1722 291 1755 Societati
301 1721 346 1754 est
356 1720 679 1756 commendatiffima.
836 1734 881 1763 40
890 1732 903 1765 5

100 1768 301 1804 Obedientia
316 1771 484 1804 Societatis
500 1780 661 1817 prompta.
837 1772 905 1808 406

100 1816 307 1852 Obedientice
335 1816 514 1852 Pontificiae
540 1819 574 1849 in
598 1817 754 1850 Societate
773 1825 901 1847 votum.

101 1878 302 1948 ogeiiientia
311 1914 344 1946 in
355 1912 462 1947 arduis
475 1913 625 1946 societati
640 1909 820 1945 familiaris.
838 1912 905 1954 642

99 1962 412 2008 Obedz'entiafaczlis.
842 1969 853 1989 1
864 1971 907 2001 90

139 2020 343 2057 comparatur
359 2010 500 2044 obediens
512 2008 634 2056 fphaerae
648 2035 658 2049 ‚
681 2018 744 2052 quae
753 2004 907 2052 facillime

195 2071 228 2091 in
240 2071 358 2091 omnem
367 2067 494 2104 partem
505 2067 662 2089 mouetur.
819 2052 900 2088 ibid.

101 2105 289 2139 obedientia
300 2107 466 2139 Societatz's
484 2104 604 2149 tessera.
823 2101 905 2136 ibid.

105 2153 294 2187 Obedientia
312 2164 428 2187 nutum
443 2163 600 2186 intuetur.
843 2161 902 2194 191

103 2201 296 2235 Obedz'entia
317 2211 478 2250 prompta.
843 2211 906 2242 19²-

103 2249 297 2283 Obedientia
314 2251 419 2283 velox.
844 2258 904 2289 193

104 2296 274 2333 Oliuerius
291 2300 472 2332 Manaraeus
488 2294 620 2343 Belgicae
636 2297 813 2329 Prouiiiciae
825 2294 909 2331 Visi-

150 2356 244 2380 tatot.
475 2377 478 2380 .
841 2357 860 2386 7
867 2355 905 2388 53

107 2395 141 2428 O
147 2405 296 2441 peratum
309 2395 474 2428 societatis
489 2392 664 2426 character.
840 2405 909 2439 400

104 2443 204 2489 Opus
216 2441 382 2489 perficitur
400 2441 514 2475 natura
530 2468 540 2483 ‚
560 2451 624 2474 arte
639 2468 649 2482 ‚
673 2442 908 2482 exercitatione,

158 2501 347 2524 imitatione.

109 2539 235 2572 Orante
255 2540 381 2586 Ignatio
400 2538 612 2585 B.Virginem
630 2536 750 2571 domus
766 2548 908 2571 tremuit.

160 2599 171 2620 1
185 2598 236 2632 35.
678 2633 681 2637 Ι

109 2636 228 2669 Oratio
238 2632 391 2682 frequens
404 2633 549 2666 castitatis
561 2629 754 2680 preclidium.
867 2647 885 2678 9
895 2647 906 2667 1

110 2680 647 2725 Orationes‚carmina,emblemata
658 2683 690 2715 O
697 2683 764 2728 peri
772 2679 913 2715 admixta

155 2742 323 2778 tamquam
338 2729 476 2764 missilia.
868 2744 884 2764 2
896 2742 908 2772 3

110 2778 256 2813 Ordines
280 2777 395 2813 diuerfi
419 2775 661 2825 Religiosorum
681 2790 780 2825 quare
796 2777 814 2811 εὶ
838 2779 913 2811 Deo

154 2828 302 2862 instituti.
712 2830 811 2871 53.&
820 2827 909 2873 seqq.

111 2875 257 2910 Ordines
272 2876 340 2910 duo
361 2876 395 2908 iii
409 2873 490 2908 caelis
510 2875 660 2922 ptaecipui
672 2901 681 2916 ‚
696 2874 764 2908 duo
787 2877 864 2908 item
879 2876 913 2907 in

160 2927 265 2959 teri-is.
849 2934 910 2966 557

111 2972 257 3006 Ordines
281 2971 416 3020 quidam
432 2970 646 3006 honorificam
665 2970 912 3019 appellationem

156 3019 274 3068 adepti.
850 3031 885 3053 12.
893 3033 908 3064 5

112 3066 261 3103 Ordines
279 3069 439 3103 austeritas
459 3071 532 3103 vitae
552 3072 586 3103 &
604 3068 717 3100 merita
739 3079 914 3101 ,commen-

159 3115 249 3151 dant.
661 3143 664 3145 Α
847 3129 860 3159 5
872 3128 883 3159 5
897 3130 906 3150 1

114 3163 284 3198 Ordinum
295 3162 533 3213 Religiosortun
548 3164 588 3198 de
599 3165 755 3199 Societate
764 3163 914 3198 testimo-

165 3213 227 3245 nia.
845 3215 911 3255 887

114 3259 259 3296 Ordines
272 3259 429 3293 Foedetati
446 3262 479 3294 in
492 3262 683 3296 Societatem
697 3258 914 3295 accenduntur

161 3307 180 3341 ἓι
195 3307 518 3356 pseudoeuangelicis.
846 3312 863 3343 8
869 3321 908 3353 03

117 3355 310 3390 Ostendam„
319 3355 457 3390 obsidio.
846 3361 863 3392 8
870 3371 910 3401 09

116 3403 212 3439 Otho
229 3402 419 3452 Campensis
442 3405 483 3441 ab
506 3402 660 3439 haeretic'm
684 3404 861 3441 trucidatur
879 3407 914 3439 in

678 2490 927 2542 412..&seqq.·

989 252 1027 293 R
1068 248 1098 293 E
1137 250 1174 295 R
1202 255 1237 295 V
1270 252 1338 296 M.

993 324 1115 373 Belgio.
1658 330 1735 365 ibidi

950 375 1022 420 Otij
1034 372 1124 420 fuga,
1139 370 1321 422 praefidium
1330 374 1486 409 castitatis.
1700 391 1744 421 9²-

950 424 1027 455 Otz'a
1035 423 1066 466 st
1075 424 1174 463 tollas,
1188 425 1308 470 periere
1318 425 1345 456 C
1347 424 1483 472 upidinis
1497 434 1593 461 artes.
1681 439 1693 459 i
1704 429 1721 459 8
1732 437 1746 470 5

951 468 1107 515 Ottyadis
1122 468 1323 517 generositas.
1631 511 1633 513 ¹
1684 476 1750 516 276

1329 544 1367 577 P.

1016 611 1242 646 Acificationes
1253 612 1389 662 insignes
1401 614 1435 646 in
1445 611 1566 660 Belgio.
1685 612 1751 657 789

1017 662 1196 695 P.Pa'e'zius
1211 664 1245 695 iii
1259 661 1387 697 Abaffia
1404 661 1485 709 quid
1499 665 1608 710 egerit.
1687 666 1751 697 228

949 709 1071 741 ‘Palma
1087 722 1169 742 anno
1184 711 1552 757 centestmofertftnffus.
1712 724 1753 756 50

950 755 1144 801 Paraquaria
1154 759 1261 791 Patres
1271 761 1402 805 expetit,
1414 762 1448 792 &
1463 760 1622 807 impetrat.
1692 771 1752 802 399

951 803 1249 850 Paraquariensium
1266 818 1384 841 mores,
1687 819 1704 840 2
1714 819 1726 850 3
1737 818 1750 850 3

950 851 1125 896 ‘Parnassus
1139 852 1338 887 Christianus
1353 853 1501 901 auspiciis
1512 858 1674 903 SJgnatzJ.
1685 868 1754 900 450

951 896 1135 932 Paschasms
1160 902 1298 934 Broe'tus
1323 924 1332 943 5
1357 901 1551 937 Edmundus
1581 905 1755 951 Augerius,

1014 946 1174 981 Claudius
1194 948 1353 983 Rastellus
1372 952 1405 982 in
1417 950 1524 986 Gallia
1547 954 1665 987 virtute
1676 963 1757 983 con-

1013 993 1034 1028 s
1050 997 1126 1029 icui.
1688 1003 1725 1033 61
1737 1012 1752 1044 5

953 1008 1136 1079 Pascffiafius
1153 1045 1291 1079 Bro'e'tus
1308 1043 1404 1093 Belga
1415 1043 1488 1079 fuit.
1686 1050 1703 1081 8
1712 1059 1754 1091 59

997 1090 1141 1126 eiusdem
1157 1092 1300 1140 elogium
1316 1091 1501 1141 sepulcrale.
1687 1109 1756 1139 290

953 1142 1200 1183 Patientia,v1de
1212 1140 1369 1183 Aduersa,
1385 1143 1525 1180 Societas
1540 1143 1674 1194 patiens.

953 1192 1061 1225 Patres
1082 1189 1214 1237 plurimi
1229 1192 1263 1223 iii
1285 1187 1444 1237 obsequio
1457 1191 1683 1239 pestiferorum
1699 1203 1760 1223 ex-

1005 1237 1125 1272 stincti.
1689 1242 1705 1273 8
1714 1253 1757 1281 27

953 1288 1087 1321 Patrum
1097 1287 1281 1334 primorum
1294 1287 1460 1321 Societatis
1474 1285 1630 1334 exempla,
1689 1301 1730 1330 41
1740 1303 1754 1334 5

991 1346 1107 1368 eorum
1122 1336 1301 1368 imitatione
1312 1337 1450 1370 Societas
1464 1337 1568 1370 floret.
1687 1348 1711 1377 4
1719 1349 1729 1369 i
1740 1351 1757 1371 2

993 1382 1186 1416 eorumdem
1200 1381 1340 1418 fructus.
1689 1389 1756 1426 416

953 1430 1138 1467 Paucissimi
1150 1429 1236 1464 senes
1253 1433 1287 1464 in
1302 1434 1475 1466 Prouincia
1486 1434 1653 1469 Societatis
1666 1432 1758 1466 Flan-

1001 1479 1229 1527 dio-Belgica,
1239 1483 1274 1513 δε
1288 1489 1357 1515 cur?
1692 1485 1708 1515 8
1716 1494 1732 1515 2
1739 1494 1757 1524 9

953 1527 1072 1563 Paulus
1093 1530 1151 1562 ΙΙΙ.
1173 1530 1231 1575 qui
1245 1531 1437 1563 Societatem
1449 1529 1761 1571 confirmaiiit‚Car-

1032 1575 1147 1610 dinalis
1158 1575 1221 1610 fuit
1230 1577 1479 1612 tit.SS.Cosmae
1489 1584 1523 1614 ὅ(
1535 1581 1697 1613 Damiani.
1718 1591 1756 1612 iz

993 1626 1020 1658 is
1041 1624 1128 1672 apud
1140 1625 1377 1660 &Malachiam
1402 1628 1466 1662 hoc
1480 1627 1630 1674 symbolo
1650 1625 1761 1675 praefi-

1043 1677 1217 1721 gnatus,H
1235 1675 1378 1708 acmthus
1392 1679 1613 1711 A1ed1corum.
1681 1675 1758 1709 ibid.

994 1723 1063 1754 eius
1074 1720 1115 1755 de
1125 1721 1201 1755 libel
1216 1734 1237 1755 o
1247 1724 1482 1759 Exercitiorum
1496 1724 1666 1761 iudicium.
1696 1727 1732 1766 38
1743 1735 1755 1757 1

954 1769 1073 1802 Paulus
1093 1771 1152 1803 1v.
1174 1774 1260 1816 Papa
1279 1772 1470 1805 Societatem
1488 1773 1650 1818 Belgicam
1669 1784 1762 1805 com-

1000 1814 1143 1849 mendat.
1692 1823 1708 1853 8
1716 1823 1732 1853 8
1740 1834 1759 1854 2

955 1862 1049 1898 Pauli
1060 1866 1102 1897 V.
1119 1864 1152 1896 in
1164 1864 1356 1898 Societatem
1367 1863 1472 1900 fauor.
1694 1870 1712 1900 6
1722 1880 1761 1911 54

955 1910 1049 1946 Pauli
1065 1910 1253 1945 Mandat-ini
1264 1913 1297 1944 in
1314 1912 1427 1946 China
1438 1913 1614 1950 conuersio.
1698 1927 1761 1959 397

955 1961 1130 2006 Paupertas
1147 1960 1324 1993 Societatis.
1718 1977 1762 2006 90

956 2011 1133 2054 Paupertas
1137 2008 1198 2053 fibi
1204 2007 1277 2053 fisffi
1280 2010 1374 2041 ciens.
1701 2025 1737 2054 17
1744 2014 1761 2045 3

996 2055 1154 2104 expedita.
1702 2073 1713 2093 1
1721 2063 1764 2103 76

995 2107 1077 2137 omni
1085 2102 1286 2150 curdfoluta.
1701 2119 1713 2139 1
1721 2122 1761 2150 79

990 2153 1125 2200 sapiens.
1700 2168 1711 2188 1
1720 2169 1738 2197 7
1746 2168 1761 2199 5

997 2200 1175 2247 quaestuofh.
1701 2215 1711 2236 1
1721 2216 1764 2245 77

956 2251 1165 2295 Paupertas&
1175 2249 1332 2298 splendor.
1702 2263 1713 2284 i
1723 2255 1739 2285 8
1745 2265 1765 2284 o

956 2298 1173 2345 ‘Paupertatis
1181 2311 1240 2332 non
1250 2299 1391 2333 laxandae
1401 2307 1513 2333 votum
1515 2299 1601 2344 facit
1613 2300 1638 2332 S
1642 2301 1763 2333 ocietas„

1009 2348 1080 2391 198.

957 2397 1093 2430 ‘Peccati
1105 2394 1268 2441 turpitudo
1277 2397 1384 2443 pueris
1400 2407 1440 2428 ex
1462 2396 1595 2428 ltcasur.
1697 2399 1765 2438 476

957 2442 1121 2480 Perfestio
1143 2446 1177 2477 in
1187 2444 1401 2476 minimorum
1415 2455 1436 2475 o
1462 2439 1638 2476 seruatione
1662 2443 1767 2477 conli-

960 2493 1130 2576 Persik'ziiiim
1146 2540 1256 2586 Legati
1273 2536 1332 2584 filij
1346 2537 1510 2586 baptizati.
1698 2496 1766 2587 Ξὲζ

960 2590 1139 2634 Pcrsccmio
1156 2591 1338 2620 Societatem
1354 2600 1457 2623 ornat.
1701 2602 1763 2634 575

960 2637 1188 2682 Persecuttonis
1203 2638 1363 2670 meritum.
1700 2641 1766 2681 576

963 2685 1056 2721 Peste
1066 2681 1196 2717 infeffls
1213 2684 1355 2717 Societas
1365 2683 1638 2732 opitiilatur‚vide
1654 2683 1768 2718 Miffio

1010 2733 1050 2767 ad
1084 2731 1146 2764 este
1160 2729 1310 2764 111fe6k0s.

963 2783 1053 2817 Peste
1079 2778 1287 2828 aborantibus
1299 2781 1406 2814 Patres
1419 2791 1517 2827 opem
1531 2779 1650 2815 ferunt.
1699 2785 1765 2824 827

963 2831 1053 2865 Peste
1080 2826 1211 2862 inseetis
1246 2829 1420 2861 lei-aientes
1443 2827 1524 2862 olim
1549 2831 1675 2865 Sangus
1707 2828 1767 2863 ad-

1011 2877 1071 2912 scri
1096 2878 1131 2909 ti.
1726 2890 1767 2919 14

964 2890 1265 2961 PetruspBuzelinus
1279 2923 1320 2958 ab
1335 2923 1489 2958 haereticis
1500 2936 1629 2959 necatur
1641 2927 1676 2958 in
1691 2890 1769 2958 gel*

1033 2976 1077 3009 i0.
1699 2975 1763 3006 808

964 3024 1077 3057 Petrus
1094 3019 1243 3055 Canisius
1255 3019 1350 3068 Belga
1358 3019 1550 3069 gratillimus
1566 3020 1627 3053 fuit
1636 3021 1669 3051 in
1680 3019 1767 3053 Aula}

1067 3069 1220 3104 Bauarica
1230 3072 1450 3103 concionator.
1696 3079 1708 3110 3
1720 3079 1732 3109 5
1745 3081 1759 3112 5

1010 3119 1211 3168 periclitanti
1229 3128 1285 3166 per
1308 3118 1438 3161 haerefim
1458 3118 1589 3161 Europ-e
1618 3117 1765 3162 instgnem

1064 3175 1187 3214 operam
1201 3177 1310 3200 namet.
1695 3176 1741 3206 44
1750 3177 1761 3197 ι

1005 3216 1073 3247 cius
1085 3214 1181 3248 breue
1188 3213 1343 3260 elogium.
1702 3214 1718 3246 8
1725 3217 1742 3245 6
1753 3225 1763 3245 r

1005 3264 1073 3296 eius
1088 3261 1243 3295 excellens
1259 3258 1451 3295 obedientia.
1481 3272 1520 3302 91
1531 3261 1600 3304 5.(Ξὸ
1604 3260 1691 3306 fiqq.
1697 3272 1716 3302 9
1725 3274 1739 3294 ζ
1747 3273 1766 3294 2

1002 3309 1085 3357 quid
1099 3312 1197 3357 egerit
1206 3311 1240 3341 in
1253 3306 1447 3341 Germanici.¹
1698 3321 1735 3350 9¹
1746 3320 1765 3348 7

1003 3359 1044 3391 ab
1070 3357 1224 3391 haereticis
1235 3355 1342 3388 dionis
1355 3355 1455 3389 Canis
1467 3355 1662 3389 Austriaciis.
1684 3355 1763 3388 ibid.-

1003 3407 1071 3440 eius
1082 3404 1122 3455 dc
1135 3400 1318 3441 obedientia
1334 3401 1486 3453 prceclarae
1501 3415 1604 3439 voces,

1299 3448 1482 3495 thfff3

1695 3415 1764 3445 920

1667 3462 1763 3500 egre-
