2326 4080
208 333 417 374 LIBER
452 333 738 373 PRIMVS.
803 330 1160 371 SOCIETAS
1203 331 1561 374 NASCENS.
1637 335 1733 385 '91

91 407 246 452 cietatis
263 402 585 467 pars‚praecipue
613 421 788 467 quoque
803 408 844 449 in
874 401 956 449 illis
976 401 1204 465 speeranda
1224 402 1281 446 est
1307 407 1400 448 voti
1418 402 1543 448 huius
1562 411 1604 450 &
1628 405 1737 452 aesti-

91 469 246 516 manda
266 469 484 532 perfeecio.
526 474 679 532 Qare
696 473 790 514 Pius
804 472 858 514 V.
883 485 972 513 non
991 466 1146 531 absque
1168 471 1329 511 ratione
1344 465 1575 512 declarauit
1597 473 1735 514 Socie-

93 552 219 581 tatem
237 535 453 580 Otdinem
469 535 545 580 effe
564 533 896 580 mendicantem
923 534 1080 595 Neque
1095 531 1191 578 vero
1204 530 1295 577 aliis
1314 531 1471 589 mincis,
1484 532 1617 594 quam
1635 537 1736 580 Pro-

90 598 193 646 feffis
215 598 552 644 mendicandum
573 638 587 658 ,
616 599 986 661 quandocumque
1016 612 1090 643 aut
1119 595 1315 642 Praesides
1336 597 1377 641 id
1409 599 1642 657 imperant,
1668 616 1738 646 aut

87 662 312 710 iiecessitas.
339 662 539 727 Collegia
564 663 742 727 quidem
771 672 813 709 ὃς
832 666 1063 709 Seminaria
1082 661 1237 707 reditus
1261 679 1308 706 ac
1328 660 1482 706 fundos
1512 661 1736 722 possident3

87 727 155 774 sed
172 745 315 774 tamen
331 727 473 790 pressis
492 727 735 774 admodum
753 726 966 774 limitibus
985 745 1134 773 eorum
1154 744 1329 789 quoque
1346 729 1504 771 circum
1513 724 1662 788 scripta
1679 729 1737 778 est

88 810 320 856 paupertas.
356 792 729 856 Qibuscumque
751 797 866 839 enim
887 791 1143 838 nostrishaec
1160 790 1461 848 incolentibus,
1489 808 1577 836 non
1595 791 1736 838 minus

87 859 220 922 quam
240 857 449 915 profestis,
465 876 600 921 neque
613 856 812 904 sacrificia
830 896 841 915 ,
860 876 998 920 neque
1020 860 1238 920 exequias,
1259 874 1396 918 neque
1415 855 1521 902 iusta
1539 859 1737 903 anniuer-

86 924 190 970 saria
218 921 422 970 celebrare
468 921 680 986 propofita
720 923 912 969 mercede
948 921 1070 979 licet3
1097 921 1217 985 quod
1241 937 1384 966 tamen
1418 919 1507 966 aliis
1539 920 1612 967 sua
1637 938 1739 983 pau-

86 1005 221 1051 pertas
251 1006 339 1034 non
363 989 588 1034 interdicit.
637 990 794 1051 Neque
824 988 882 1034 fas
905 987 962 1033 est
997 986 1131 1034 vllam
1159 1005 1236 1049 pro
1262 984 1543 1049 Theologicfe
1582 987 1738 1048 profes-

87 1051 231 1110 fionis,
252 1057 535 1108 concionum,
561 1053 850 1111 catecheseon‚
874 1051 1122 1099 solatiorum
1145 1055 1262 1116 :egris
1282 1049 1547 1115 captiuisque
1567 1055 1737 1115 impen-

85 1118 251 1175 sorum,
277 1115 350 1165 aut
385 1122 758 1164 Sacramentorum
794 1118 1190 1165 administratorum
1212 1116 1381 1174 labore,
1406 1116 1646 1163 mercedem
1670 1137 1737 1164 ac—

86 1187 242 1246 cipere:
273 1199 319 1231 vt
335 1191 376 1228 δε
396 1186 577 1247 gratuita
592 1182 663 1229 illa
682 1183 858 1229 charitas
878 1182 1090 1247 populum
1116 1187 1267 1229 inuitet
1291 1181 1500 1228 ardentius
1518 1182 1570 1228 ad
1596 1180 1735 1228 salutis

87 1249 272 1294 remedia
287 1286 300 1307 ‚
329 1256 371 1293 ὃς
388 1251 457 1311 pia
472 1252 689 1294 Societatis
707 1251 748 1293 in
773 1248 836 1294 his
854 1248 1108 1295 adhibendis
1126 1247 1309 1306 libertas,
1325 1266 1372 1293 ac
1389 1245 1564 1309 operosa
1583 1245 1736 1294 seduli-

88 1329 148 1359 tas
169 1331 410 1376 numquam
433 1317 475 1358 in
496 1312 715 1359 sordidum
735 1314 944 1375 quaestum
961 1313 1196 1374 degeneret.
1237 1313 1348 1376 Qtst
1365 1316 1408 1358 in
1424 1330 1463 1358 re
1476 1311 1641 1359 sandius
1658 1316 1735 1360 Pa-

85 1394 146 1424 ter
162 1377 350 1424 aemulari
366 1396 443 1424 nos
460 1376 598 1424 voluit
619 1395 910 1440 paupertatem
925 1378 1014 1423 diui
1030 1377 1172 1424 Pauli:
1193 1383 1259 1424 cui
1277 1376 1350 1424 etsi
1361 1377 1411 1423 de
1437 1376 1572 1436 altari,
1597 1394 1642 1425 vt
1660 1382 1733 1438 air,

86 1447 225 1490 viuere
244 1447 304 1490 ius
321 1451 363 1489 &
379 1443 439 1489 fas
459 1447 729 1506 permitteret3
750 1442 910 1505 placuit
929 1459 1089 1501 tamen,
1110 1460 1204 1505 quae
1228 1441 1334 1488 iuste
1350 1458 1529 1505 poterat,
1554 1461 1642 1489 non
1660 1444 1735 1491 ad-

87 1512 276 1565 mittere,
298 1525 343 1555 vt
368 1508 576 1555 constaret
599 1506 998 1565 omnibus,nullum
1017 1507 1072 1554 ab
1094 1506 1352 1554 illolucrum
1378 1506 1457 1553 nisi
1472 1512 1735 1566 auimatum,

88 1588 217 1619 totae
235 1577 360 1620 tantis
387 1572 604 1620 laboribus
625 1576 725 1636 peti.
763 1573 969 1619 Ceterum
998 1590 1136 1619 rerum
1163 1576 1368 1618 omnium
1382 1609 1395 1627 ,
1415 1589 1597 1632 quarum
1615 1591 1737 1621 com-

88 1638 311 1685 munis‘est
325 1643 370 1684 in
390 1642 594 1685 Societate
613 1637 820 1701 posseflio,
839 1655 927 1684 tam
945 1638 1157 1684 restrictus
1179 1637 1239 1684 est
1259 1637 1427 1696 vsus‚vt
1445 1637 1531 1699 ipsa
1555 1655 1736 1701 pauper-

88 1718 149 1749 tas
164 1706 390 1750 aretiorem
406 1707 565 1767 exigere
585 1721 673 1750 non
696 1703 809 1764 polle
824 1704 1028 1750 videatur.
1070 1705 1229 1767 Neque
1250 1701 1499 1749 timendum
1518 1702 1578 1749 est
1605 1721 1657 1750 ne
1677 1701 1736 1751 fe-

88 1772 239 1814 ueritas
265 1768 352 1815 haec
372 1767 608 1832 aliquando
634 1767 808 1815 laxetur.
850 1766 1021 1816 Profesli
1034 1771 1151 1814 enim
1171 1785 1342 1825 omnes,
1360 1766 1514 1831 quibus
1533 1768 1737 1815 vniuersa:

88 1850 183 1880 cura
199 1837 417 1880 Societatis
437 1853 483 1881 ac
503 1833 744 1880 moderatio
765 1833 981 1880 incumbit
996 1873 1008 1892 ,
1039 1833 1240 1897 peculiari
1266 1835 1304 1879 se
1319 1850 1426 1881 voto
1442 1831 1734 1895 obstringunt,

25 1931 28 1932 ν
87 1915 330 1962 numquam
354 1899 536 1963 passuros
560 1897 620 1956 se,
647 1915 694 1945 vt
711 1899 936 1962 quidpiam
955 1903 997 1944 in
1017 1899 1178 1962 legibus
1195 1903 1445 1963 paupertatis
1471 1898 1495 1944 εἰ
1510 1898 1737 1945 Constitu-

87 1962 277 2020 tionibus
301 1964 539 2027 praescriptae
555 1968 869 2009 innoueturaut
886 1981 1096 2011 mutetur:
1117 1963 1194 2011 nisi
1219 1963 1395 2011 fortassis
1419 1962 1539 2011 illam
1554 1964 1669 2012 iustis
1683 1964 1737 2010 de

87 2027 232 2075 cauffis
262 2033 397 2092 magis
433 2028 684 2075 arcfrandam
705 2029 782 2075 effe
805 2029 1057 2076 iudicarent.
1102 2032 1248 2095 Atque
1280 2033 1339 2077 ita
1363 2045 1660 2095 paupertatem
1686 2048 1735 2078 ex

87 2098 210 2140 omni
226 2111 338 2156 parte
364 2093 541 2142 vallauit
565 2097 767 2157 Ignatius.

152 2158 352 2206 Castitati
372 2158 472 2207 vero
498 2158 619 2205 tanto
644 2158 737 2222 plus
762 2175 989 2221 aggerum,
1016 2163 1131 2206 vtita
1151 2156 1294 2205 dicam
1313 2198 1324 2218 ‚
1351 2166 1394 2205 &
1416 2158 1630 2206 vallorum
1658 2163 1733 2207 cir-

89 2223 326 2281 cumdedit,
348 2228 437 2288 quo
450 2228 585 2287 magis
605 2227 770 2270 iniuriae
794 2225 853 2271 est
866 2224 1081 2283 obnoxia,
1102 2222 1354 2288 faciliusque
1371 2222 1550 2272 laeditur.
1591 2227 1657 2270 Ac
1682 2244 1734 2272 ne

90 2287 157 2335 vel
174 2288 256 2335 leui
271 2288 536 2353 negligentia:
552 2288 599 2336 {it
616 2288 734 2336 locus
759 2306 832 2335 aut
845 2293 983 2346 venia,
999 2289 1090 2336 vult
1107 2307 1201 2335 eam
1218 2288 1435 2353 Angelieae
1450 2293 1642 2353 puritatis
1656 2292 1734 2338 effe

89 2352 306 2401 aemulam.
363 2356 442 2401 Sed
467 2355 543 2419 qui
571 2354 708 2418 potest
738 2355 790 2400 ad
818 2371 987 2400 tantum
1009 2354 1132 2401 decus
1151 2353 1331 2416 aspirare
1357 2354 1550 2402 mortalis
1576 2355 1734 2419 fragili-

89 2433 168 2478 tas,
188 2418 285 2465 cum
305 2435 423 2466 tanta
447 2423 628 2484 puritas,
658 2419 759 2465 teste
777 2423 985 2481 Sapiente‚
1001 2422 1085 2465 Dei
1104 2418 1151 2466 fit
1171 2420 1366 2466 donum?
1396 2423 1529 2483 Igitur
1547 2420 1734 2470 obtineri

88 2483 227 2546 potest
243 2493 285 2532 ὃς
310 2488 472 2549 accipi,
491 2489 591 2548 quia
611 2485 781 2531 donum
797 2485 869 2531 est.
897 2490 1045 2547 Quare
1063 2482 1312 2548 przescripsit
1340 2483 1418 2531 suis
1438 2490 1624 2549 Ignatius
1644 2505 1731 2533 non

89 2548 355 2612 frequentem
378 2551 512 2596 modo
534 2555 776 2597 orationem
790 2589 804 2609 ,
831 2549 898 2596 sed
925 2554 1054 2596 etiam
1078 2550 1172 2596 illos
1200 2551 1346 2597 docuit
1373 2549 1732 2599 accuratissimam

1763 482 1903 513 Societas

1762 528 1800 573 (ft
1817 528 1905 560 Ordo

1761 576 1942 610 mendicans

1760 1399 1889 1428 1.Corint.
1898 1409 1928 1436 5,

1761 2173 1789 2204 C
1791 2184 1808 2203 a
1810 2169 1922 2211 stitatis

1757 2229 1777 2266 p
1783 2220 1897 2264 raefidia
1908 2224 1919 2252 i
1921 2232 1943 2252 n

1762 2270 1929 2309 Soczemte,
1980 2288 1982 2290 -

1757 2496 1856 2527 oratio
1872 2493 1944 2540 fre-

1759 2554 1870 2588 quens,

89 2612 217 2661 huius
242 2615 509 2662 instituendae
532 2615 806 2662 methodum.
835 2615 969 2679 Quid
995 2619 1113 2661 enim
1139 2632 1227 2661 non
1254 2620 1452 2678 impetrat
1473 2616 1669 2679 frequens
1689 2626 1734 2666 ὃς
1791 2662 1801 2669 ,

92 2678 204 2725 reete}
220 2680 332 2727 saera
352 2684 518 2727 oratio?
550 2681 752 2728 diuinum
784 2684 827 2726 in
855 2684 1002 2743 primis
1029 2697 1226 2727 amorem
1260 2685 1416 2743 pariter
1447 2688 1491 2727 δε
1526 2685 1735 2733 timorem

91 2747 245 2790 animis
261 2744 339 2791 fibi
364 2745 515 2793 deditis
533 2750 761 2807 ingenerat.
788 2748 963 2791 Amoris
983 2746 1121 2791 diuini
1146 2743 1327 2791 flamma
1345 2749 1564 2808 impuram
1584 2748 1735 2795 autso-

91 2812 169 2871 pit,
189 2825 259 2856 aut
275 2814 498 2874 extinguit.
538 2815 698 2857 Timor
716 2811 817 2857 vero
836 2814 917 2856 Dei
936 2810 1067 2873 quam
1092 2811 1216 2857 fortes
1237 2810 1371 2857 reddit
1397 2814 1438 2857 in
1459 2810 1538 2858 hac
1563 2813 1733 2876 pugna?

91 2888 180 2919 non
192 2873 305 2921 aliud
319 2875 450 2922 telum
463 2876 610 2922 certius
622 2874 820 2940 profligat
831 2874 1069 2934 hostemfft
1082 2894 1213 2922 nemo
1229 2875 1306 2923 nisi
1325 2876 1499 2923 infamis
1512 2876 1570 2924 sni
1587 2879 1735 2940 prodi-

91 2952 156 2985 tor
171 2938 336 2987 cladem
354 2940 425 2988 hle
442 2941 741 3005 accipiat‚cc1m
756 2940 958 2987 timendo
976 2940 1102 3003 poffit
1116 2941 1284 2987 hostem
1299 2941 1733 2991 debellare.Miraculi

93 3003 221 3051 instar
235 3004 469 3053 habebatur
484 3010 527 3052 in
546 3007 679 3053 Curia
695 3004 883 3069 Philippi
902 3004 1219 3069 secundi‚quod
1237 3010 1454 3054 Societatis
1471 3011 1609 3054 Patres
1632 3028 1732 3057 cum

95 3068 338 3128 promiscuo
353 3070 446 3118 sexu
461 3088 549 3118 tam
563 3071 822 3119 versarentur
842 3072 1025 3130 innoxij.
1046 3075 1189 3135 itaque
1205 3071 1453 3135 vulgauerat
1466 3090 1508 3118 ru
1518 3073 1733 3133 mor,illos

94 3131 270 3181 herbam
297 3137 585 3194 circumferre,
613 3154 709 3200 quae
734 3139 826 3182 vim
852 3136 1022 3184 haberet
1047 3137 1344 3184 interimendae
1369 3136 1578 3184 libidinis.
1615 3137 1732 3186 misit

98 3195 314 3261 Philippus
327 3200 409 3263 ipse
429 3202 481 3248 acl
496 3206 539 3248 P.
552 3205 786 3249 Araozium
806 3201 954 3249 dehac
972 3200 1101 3249 herba
1118 3202 1382 3250 sciscitatum,
1415 3221 1493 3249 nec
1516 3202 1730 3249 inficiatus

97 3261 160 3308 est
186 3266 388 3312 Araozius
408 3266 569 3331 aliquid
598 3265 754 3314 subeffe
773 3272 958 3324 rumori3
991 3266 1174 3315 ceterum
1194 3285 1413 3331 peroptare
1441 3267 1478 3313 se
1507 3267 1618 3313 hanc
1637 3268 1732 3314 her-

97 3324 200 3374 bam
220 3327 418 3393 Philippo
435 3331 726 3395 omnibusque
748 3336 832 3378 eius
853 3332 1016 3379 Aulicis
1033 3332 1169 3383 invsu
1188 3333 1284 3389 esse,
1304 3351 1398 3379 eam
1417 3337 1618 3378 timorem
1635 3335 1732 3378 Do-

95 3394 206 3440 mini
224 3399 388 3455 vocari,
408 3401 523 3445 cuius
538 3402 598 3447 vis
617 3400 837 3445 Societatis
853 3401 992 3446 Patres
1009 3397 1171 3463 vbique
1187 3397 1365 3445 seruaret
1381 3400 1592 3444 innoxios.
1623 3399 1730 3445 Haec

1160 3463 1215 3509 M
1242 3481 1266 3509 2
1556 3462 1729 3527 respon·

1761 2828 1854 2859 timor

1762 2875 1847 2919 ‘Deio
