2321 4013
308 1633 441 1666 Leonius
452 1631 491 1667 ὠ·

307 1681 476 1729 Βιι)’ὲ“ἔίιω,

307 1728 370 1762 cluo
387 1729 494 1774 auspit-

306 1788 355 1809 ces
372 1776 465 1820 Mis-

297 1825 408 1869 fiom's,
416 1822 484 1857 νηὶ

307 1883 446 1906 morum-

310 1929 374 1966 rur,

309 2747 339 2779 C
341 2744 494 2790 onstantia

309 2795 346 2826 V
342 2796 440 2840 iringi
461 2796 495 2826 in

308 2852 444 2876 carcere.

517 311 626 356 802.
742 309 988 352 IMAGO
1047 303 1261 346 PRIMI
1298 299 1571 341 SAECVLI
1611 296 1958 337 SOC.1ESV⁶

515 384 675 433 blicam
692 384 807 434 vrbis
834 382 1072 430 custodiam
1098 376 1340 423 includunt.
1384 377 1486 420 Hoc
1503 371 1695 436 primum
1723 373 1890 417 carceris
1906 381 2169 419 catenarum-

513 449 598 515 que
614 451 778 498 honore
793 452 1042 495 Societatem
1057 441 1230 505 dignata
1247 441 1307 487 est
1331 441 1506 487 Batauia
1523 456 1532 482 :
1561 455 1693 501 quem
1709 436 1905 500 deinceps
1931 439 2082 482 iterato
2099 437 2169 484 sae-

515 515 607 579 pius
624 514 829 562 beneficio
845 527 994 571 augere
1006 525 1251 570 numquam
1267 505 1436 551 destitit.
1458 506 1639 548 Leonius
1662 501 1799 548 biduo
1815 505 1861 547 in
1881 500 2168 564 compedibus

516 582 744 639 Doccomij
765 578 856 623 fuit.
899 561 1002 622 inde
1016 571 1317 619 Leowardiam
1335 568 1388 614 ad
1411 567 1660 632 supremum
1683 564 1816 613 Fnfiae
1831 570 2036 613 Senatum
2055 565 2170 614 abre-

514 661 608 708 ptus
623 661 712 690 non
730 640 858 688 euafit
872 679 886 700 ‚
912 640 1048 687 donec
1072 635 1272 683 iudicum
1295 632 1576 699 cupiditatem
1602 633 1694 679 satis
1711 649 1874 695 magno
1895 648 2068 694 argento
2086 636 2170 679 Ca-

516 707 776 755 tholicorum
790 709 919 770 pietas
937 705 1147 752 saturaret.
1206 703 1399 748 Pecuniae
1422 702 1539 744 enim
1565 700 1701 761 magis
1719 735 1733 756 ,
1765 695 1899 760 quam
1923 696 1989 743 siti
2004 697 2173 762 sangui-

514 777 577 819 nis
592 772 636 819 id
650 790 779 836 genus
797 771 996 818 homines
1014 767 1223 816 laborant.
1263 770 1379 829 Ergo
1398 763 1468 811 ille
1494 761 1655 810 athleta
1676 765 1721 808 in
1736 760 1923 809 stadium
1948 761 2090 809 denuo
2108 767 2175 810 in-

514 838 664 901 gressus
679 877 693 897 ,
717 835 837 901 quasi
850 853 1001 901 parum
1023 834 1214 881 ess'etvna
1242 830 1410 895 palma,
1427 829 1539 877 sexto
1556 828 1653 892 pest
1681 845 1797 873 auno
1820 830 2033 874 iterumin
2050 828 2173 878 Fufi-92

515 902 783 952 Leowardiae
809 899 1133 966 comprehensus
1144 937 1157 957 ,
1175 901 1326 943 iterum
1340 896 1364 943 a
1379 892 1549 941 duobus
1577 891 1816 939 Catholicis
1838 892 1898 939 est
1911 892 2168 958 redemptus:

515 986 706 1032 quorum
722 972 924 1032 pietatem
947 970 1063 1013 Deus
1081 962 1157 1010 fibi
1175 978 1389 1025 acceptam
1404 958 1627 1006 ostendffl'e
1641 958 1751 1007 viliis
1764 997 1777 1018 ‚
1794 976 1944 1004 eorum
1959 963 2065 1023 agris
2085 976 2173 1009 tam

516 1034 694 1099 copioso
716 1049 927 1098 prouentu
944 1027 1185 1086 cumulatiS,
1200 1043 1246 1074 vt
1261 1045 1309 1072 ex
1326 1024 1416 1072 solo
1433 1024 1658 1072 domestici
1677 1026 1862 1088 poma-rij
1892 1023 2033 1071 fructu
2056 1023 2176 1075 illam

516 1103 744 1163 pecuniam
761 1117 875 1146 anno
894 1094 1135 1158 insequente
1148 1090 1395 1138 conflarent.
1434 1089 1643 1154 Duystius
1667 1107 1842 1153 quoque
1858 1128 1871 1148 ‚
1886 1088 1986 1136 alter
2005 1090 2179 1141 Miffio-

517 1168 584 1211 nis
603 1165 753 1228 auspex
768 1203 781 1224 ,
799 1181 851 1209 ne
875 1178 964 1225 quo
983 1156 1125 1205 minus
1140 1155 1308 1222 gloriari
1325 1156 1471 1220 posset,
1491 1171 1635 1220 captus
1652 1155 1713 1203 est
1730 1150 1929 1218 Delphis,
1951 1156 2050 1204 curn
2068 1158 2179 1207 fort&

517 1248 632 1276 aures
647 1226 868 1275 confitenti
882 1225 1000 1272 daret
1014 1260 1023 1269 .
1073 1223 1154 1270 Sed
1171 1226 1404 1269 Praetorem
1428 1221 1599 1269 adortus
1617 1219 1896 1286 eXtemporali
1919 1220 2178 1287 eloquentia,

518 1310 607 1341 tam
625 1284 754 1341 libere
773 1309 852 1355 pro
864 1291 903 1338 se
919 1299 963 1337 &
982 1288 1121 1350 caussa
1135 1288 1206 1336 susi
1221 1286 1347 1343 dixit,
1366 1304 1413 1336 vt
1428 1291 1522 1336 vim
1537 1286 1749 1352 loquentis
1765 1285 1834 1334 ille
1850 1305 1942 1335 non
1956 1288 2175 1352 sustinens,

515 1358 632 1406 nulla
646 1376 685 1405 re
700 1356 845 1404 laesum
862 1355 884 1416 ὲ
898 1350 1080 1419 vestigio
1097 1353 1519 1419 manumiserit.Qe
1534 1371 1624 1400 tam
1640 1352 1845 1418 insperata
1858 1353 2178 1414 re3‚Catliolicis

515 1422 674 1488 lytrum
695 1420 942 1488 parantibus
961 1460 976 1480 ‚
997 1423 1202 1467 eximiam
1219 1415 1303 1466 Dei
1316 1437 1413 1484 erga
1426 1418 1694 1466 Sacerdotem
1724 1419 1850 1466 suum
1869 1437 2015 1467 curam
2036 1419 2180 1486 fingu-

516 1487 651 1536 lariter
664 1487 877 1553 probauit.
920 1483 1236 1533 Huiuscemodi
1249 1483 1374 1533 luetis
1393 1483 1713 1532 commilitones
1733 1483 1815 1544 illi,
1828 1484 1882 1531 ad
1896 1503 2056 1551 magna
2075 1505 2182 1552 prae—

513 1558 669 1616 mia‚&
686 1559 731 1602 in
745 1549 991 1616 exemplum
1008 1550 1160 1599 scilicet
1202 1550 1457 1611 osterorum‚
1474 1548 1783 1609 exercebantur3
1801 1549 1940 1598 donec
1955 1570 2064 1600 vnus
2080 1558 2181 1602 vtri-

514 1639 598 1686 que
612 1639 749 1668 annus
764 1621 900 1666 euntis
917 1615 1055 1665 saeculi
1072 1570 1199 1664 duod

516 1751 591 1817 plo
605 1757 754 1818 pariter
766 1754 933 1801 fuerant
950 1749 1129 1816 ingressi.
1168 1751 1337 1814 Magna
1353 1752 1508 1813 opinio
1521 1749 1752 1796 saiidtitatis
1777 1749 1876 1813 post
1892 1747 2069 1798 obitum
2088 1751 2184 1799 reli-

516 1820 610 1877 &213
633 1827 677 1866 &
692 1819 917 1884 postumus
931 1821 1139 1865 virtutum
1153 1815 1262 1863 odor
1280 1856 1292 1875 ‚
1306 1814 1523 1882 hodieque
1537 1814 1692 1878 spirans
1709 1855 1723 1875 ‚
1741 1812 1954 1862 nonnulla
1966 1819 2098 1865 etiam
2116 1819 2182 1866 su-

515 1902 592 1949 pra
617 1901 779 1931 naturae
803 1887 897 1932 vim
922 1882 1076 1930 collata
1102 1880 1357 1930 mortalibus
1384 1878 1592 1930 beneficia
1616 1919 1630 1940 ,
1658 1878 1954 1928 immortalem
1970 1883 2184 1948 Vtriusque

517 1953 773 1998 memoriam
792 1949 1037 1996 construant
1052 1986 1061 1995 .
1108 1953 1202 1996 Iam
1221 1951 1386 1995 Laeuini
1413 1949 1621 2008 Wauterij
1662 1952 1675 2002 <
1702 1950 1771 1993 cui
1788 1945 2016 1994 biennium
2039 1949 2182 2013 ipsum

516 2017 561 2061 in
578 2034 731 2063 carcere
746 2017 969 2074 exaCtum)
989 2012 1205 2062 Ludouici
1221 2012 1496 2079 Makeblydij
1515 2051 1530 2073 ‚
1547 2010 1727 2073 Borlutij
1749 2052 1763 2073 ‚
1779 2014 1966 2077 Tacquij
1979 2053 1992 2072 ,
2016 2017 2159 2078 Greuij
2170 2053 2183 2074 ,

516 2082 780 2141 Wencomij‚
798 2079 1074 2146 aliorumque
1102 2084 1280 2128 Parrum
1309 2083 1604 2145 captiuitatem
1618 2077 1878 2144 vinculaque
1893 2080 2082 2143 persequi
2097 2083 2183 2129 im-

546 2146 664 2194 edior
677 2162 876 2206 numero,
897 2155 942 2195 &
958 2145 1256 2211 quorumdam
1276 2144 1418 2193 adhuc
1445 2144 1560 2194 vita:
1591 2162 1733 2191 rerum
1750 2148 1880 2191 etiam
1902 2142 2184 2194 similitudine

512 2164 720 2260 saboraret
735 2215 888 2260 oratio.
917 2216 1150 2260 Fortunam
1167 2215 1374 2260 omnium
1391 2209 1648 2276 animosque
1664 2228 1773 2259 vnus
1789 2207 1984 2257 exhibeat
2001 2214 2182 2260 Ioannes

510 2280 715 2342 Viringus
731 2315 740 2323 .
782 2282 820 2324 Is
840 2295 928 2324 rem
943 2276 1223 2325 Catholicam
1238 2317 1251 2338 ,
1268 2277 1330 2324 sui
1346 2278 1509 2324 securus
1525 2317 1539 2337 ‚
1553 2275 1763 2323 tractabat
1781 2279 1824 2323 in
1840 2274 1966 2323 Frififi
1981 2316 1995 2336 ‚
2014 2275 2114 2326 cuin
2128 2278 2183 2327 ab

510 2342 785 2408 Harlinganis
806 2341 1063 2408 praesidiariis
1086 2341 1206 2391 nulla
1232 2341 1404 2407 periculi
1429 2343 1665 2407 suspicione
1681 2341 2084 2406 comprehenditur,
2113 2344 2184 2392 de-

514 2408 771 2475 uehiturque
786 2408 1113 2458 Leowardiam.
1154 2407 1350 2456 Prodidit
1384 2411 1528 2457 virum
1554 2405 1856 2472 ingratiffimus
1882 2407 2032 2472 aliquis
2061 2408 2183 2457 disci-

512 2472 731 2535 pulorum,
745 2478 821 2539 qui
834 2473 888 2522 ab
904 2472 981 2522 illo
994 2473 1104 2522 olim
1121 2474 1338 2539 Magistro
1355 2478 1399 2521 in
1412 2473 1582 2534 scholis,
1604 2490 1746 2538 praeter
1764 2492 2003 2521 commune
2018 2472 2181 2523 dodrri-

513 2555 598 2598 nae,
617 2539 758 2587 multa
777 2543 983 2604 priuatim
996 2557 1210 2605 acceperat
1236 2536 1443 2588 beneficia
1466 2579 1480 2599 ,
1509 2538 1666 2605 quibus
1688 2539 1864 2587 Iudaico
1879 2539 2076 2604 exemplo
2091 2557 2181 2590 tam

515 2602 728 2668 infignem
747 2609 927 2671 gratiam
947 2606 1135 2671 rependit
1151 2643 1160 2652 .
1213 2605 1433 2654 Gestiebat
1466 2610 1640 2653 interim
1669 2606 1830 2670 gaudio
1846 2608 2050 2670 Viringus
2067 2646 2081 2667 ‚
2106 2626 2182 2654 nec

516 2669 729 2731 implicari
747 2670 1028 2735 compedibus
1045 2671 1142 2720 ante
1156 2671 1353 2719 sustinuit
1365 2712 1379 2732 ,
1391 2671 1527 2737 quam
1541 2691 1605 2719 eas
1619 2670 1833 2719 laetiffimo
1847 2690 1934 2731 ore,
1953 2687 2180 2737 tamquam

516 2731 682 2782 delicias
707 2737 796 2782 suas
813 2745 857 2783 ὃς
872 2755 1075 2785 votorum
1088 2739 1328 2798 summam,
1343 2736 1660 2786 exoscularetur.
1692 2738 1861 2785 Menses
1876 2736 2009 2802 prope
2022 2736 2180 2802 septem

517 2804 653 2864 exegit
670 2804 715 2846 in
729 2799 923 2848 vinculis.
969 2803 1153 2850 Paulum
1169 2802 1358 2868 aliquem
1372 2807 1594 2869 captiuum
1612 2803 1782 2862 diceres·‚
1797 2808 1856 2852 ita
1871 2800 2073 2851 madebat
2081 2823 2180 2851 om-

516 2864 663 2924 nibus,
691 2864 953 2928 hortabatur,
965 2867 1133 2926 orabat3
1146 2877 1206 2929 &,
1224 2866 1346 2934 quod
1359 2868 1465 2918 liber
1478 2873 1551 2919 vix
1563 2870 1732 2929 faceret,
1747 2873 2000 2917 inueteratos
2013 2867 2180 2933 aliquot

517 2938 564 2977 &
580 2947 852 2978 contumaces
867 2932 1083 2981 haereticos
1104 2933 1159 2981 ad
1189 2932 1552 2983 Orthodoxorum
1569 2952 1704 2999 partes
1719 2933 1931 2982 transtulit
1946 2950 2176 2983 catenatus.

516 2997 699 3060 Lytrum
718 3015 794 3060 pro
819 2997 858 3043 se
874 3016 926 3043 ne
940 2999 1159 3047 Catholici
1180 3001 1416 3064 penderent
1430 3042 1443 3062 ,
1462 3001 1585 3048 anxie
1602 2999 1860 3066 prohibebat
1873 3025 1883 3058 3
1897 3003 2097 3048 iniuriam
2115 3001 2177 3048 fa-

515 3063 677 3122 C'curos‚
693 3080 784 3109 non
798 3059 1287 3129 beneficium‚profeffiis.
1307 3070 1601 3131 Nequaquam
1619 3083 1763 3114 tamen
1782 3064 1837 3113 fic
1854 3083 1997 3112 cauere
2017 3071 2176 3130 potuit,

515 3131 623 3189 quin
646 3144 845 3174 matrona
857 3126 1016 3176 nobilis
1032 3169 1044 3188 ,
1064 3139 1107 3177 &
1125 3131 1239 3194 apud
1257 3130 1420 3178 Iudices
1435 3133 1635 3196 gratiosa,
1662 3130 1902 3179 libertatem
1930 3134 1967 3176 ci
1982 3149 2174 3182 exoraret.

516 3193 628 3255 Ergo
641 3191 924 3256 compedibus
941 3211 1176 3259 exemptu8‚
1195 3195 1440 3244 molestiore
1467 3201 1620 3245 animo
1635 3196 1769 3262 quam
1785 3201 1955 3244 intrarat
1973 3215 2175 3246 carcerem

515 3260 659 3318 exurit,
674 3257 817 3306 relistz‘i
828 3259 924 3323 post
941 3259 978 3307 se
991 3260 1108 3307 tantss.
1130 3264 1296 3309 virtutis
1324 3265 1531 3324 opinione
1545 3303 1559 3323 ‚
1595 3279 1642 3312 vt
1666 3262 1820 3308 ferrum
1833 3279 1923 3326 quo
1943 3262 2074 3309 fuerat
2085 3261 2176 3310 alli-

518 3337 657 3382 gatus,
685 3323 829 3371 multo
844 3342 1019 3389 argento
1032 3325 1294 3373 aestimatum
1319 3325 1536 3374 redemerit
1551 3325 1804 3375 Catholicus
1819 3331 1965 3391 primae
1989 3327 2175 3392 dignita-

515 3389 566 3449 tis
582 3391 662 3448 vir,
681 3397 725 3437 δε
739 3389 837 3437 sacri
854 3394 1043 3456 pignoris
1055 3389 1152 3440 loco
1166 3408 1391 3441 reuerenter
1405 3391 1636 3442 asseruarit.
1679 3393 1843 3441 Maiori
1858 3396 1987 3440 etiam
2009 3392 2174 3441 honore

1989 3458 2172 3523 dignum

1197 1619 1356 1663 ecimus
1375 1615 1578 1664 laborum
1595 1613 1730 1663 finem
1745 1616 1902 1677 attulit,
1918 1617 2015 1682 post
2037 1637 2181 1683 parem
2213 1649 2216 1655 ·

474 1731 478 1734 .
515 1690 671 1752 viginti
684 1705 902 1735 annorum
917 1684 1084 1734 cursum
1102 1687 1147 1732 in
1165 1681 1331 1731 difficili
1344 1681 1421 1730 illo
1436 1681 1644 1743 stadio,in
1656 1681 1779 1746 quod
1795 1685 1923 1747 primi
1941 1680 2028 1731 sine
2041 1703 2183 1734 exem-
