<?xml version="1.0" encoding="UTF-8"?>
<!DOCTYPE html PUBLIC "-//W3C//DTD XHTML 1.0 Transitional//EN"
    "http://www.w3.org/TR/xhtml1/DTD/xhtml1-transitional.dtd">
<html xmlns="http://www.w3.org/1999/xhtml" xml:lang="en" lang="en">
 <head>
  <title>
</title>
<meta http-equiv="Content-Type" content="text/html;charset=utf-8" />
  <meta name='ocr-system' content='tesseract 3.04.00' />
  <meta name='ocr-capabilities' content='ocr_page ocr_carea ocr_par ocr_line ocrx_word'/>
</head>
<body>
  <div class='ocr_page' id='page_1' title='image "./imagoprimisaecul00boll_0803.png"; bbox 0 0 2321 4013; ppageno 0'>
   <div class='ocr_carea' id='block_1_1' title="bbox 238 264 1750 323">
    <p class='ocr_par' dir='ltr' id='par_1_1' title="bbox 238 264 1750 323">
     <span class='ocr_line' id='line_1_1' title="bbox 238 264 1750 323; baseline 0.003 -13"><span class='ocrx_word' id='word_1_1' title='bbox 238 266 396 310; x_wconf 87' lang='lat' dir='ltr'>LIBER</span> <span class='ocrx_word' id='word_1_2' title='bbox 432 267 651 310; x_wconf 88' lang='lat' dir='ltr'><strong>SEXTVS.</strong></span> <span class='ocrx_word' id='word_1_3' title='bbox 685 266 955 310; x_wconf 88' lang='lat' dir='ltr'>SOCIETAS</span> <span class='ocrx_word' id='word_1_4' title='bbox 985 268 1551 312; x_wconf 79' lang='lat' dir='ltr'><strong>FLANDRO-BELGICA.</strong></span> <span class='ocrx_word' id='word_1_5' title='bbox 1645 264 1750 323; x_wconf 76' lang='lat'>789</span> 
     </span>
    </p>
   </div>
   <div class='ocr_carea' id='block_1_2' title="bbox 20 345 1958 2890">
    <p class='ocr_par' dir='ltr' id='par_1_2' title="bbox 20 345 1958 2890">
     <span class='ocr_line' id='line_1_2' title="bbox 106 345 1749 411; baseline 0.002 -18"><span class='ocrx_word' id='word_1_6' title='bbox 106 345 189 393; x_wconf 87' lang='lat' dir='ltr'>litis</span> <span class='ocrx_word' id='word_1_7' title='bbox 215 362 426 410; x_wconf 81' lang='lat' dir='ltr'>magnum</span> <span class='ocrx_word' id='word_1_8' title='bbox 452 349 780 394; x_wconf 81' lang='lat' dir='ltr'>inimicitiarum</span> <span class='ocrx_word' id='word_1_9' title='bbox 812 350 1010 394; x_wconf 86' lang='lat' dir='ltr'>excitarat</span> <span class='ocrx_word' id='word_1_10' title='bbox 1034 346 1279 395; x_wconf 80' lang='lat' dir='ltr'>incendium</span> <span class='ocrx_word' id='word_1_11' title='bbox 1305 347 1513 395; x_wconf 89' lang='lat' dir='ltr'>interduo</span> <span class='ocrx_word' id='word_1_12' title='bbox 1528 350 1749 411; x_wconf 83' lang='lat' dir='ltr'>Capitula:</span> 
     </span>
     <span class='ocr_line' id='line_1_3' title="bbox 101 410 1748 475; baseline 0.002 -18"><span class='ocrx_word' id='word_1_13' title='bbox 101 415 167 458; x_wconf 87' lang='lat' dir='ltr'>cui</span> <span class='ocrx_word' id='word_1_14' title='bbox 190 410 501 475; x_wconf 84' lang='lat' dir='ltr'>exstinguendo</span> <span class='ocrx_word' id='word_1_15' title='bbox 520 412 739 458; x_wconf 88' lang='lat' dir='ltr'>bonorum</span> <span class='ocrx_word' id='word_1_16' title='bbox 757 417 960 460; x_wconf 89' lang='lat' dir='ltr'>omnium</span> <span class='ocrx_word' id='word_1_17' title='bbox 981 412 1195 461; x_wconf 85' lang='lat' dir='ltr'>insudarat</span> <span class='ocrx_word' id='word_1_18' title='bbox 1219 413 1421 461; x_wconf 84' lang='lat' dir='ltr'>industria</span> <span class='ocrx_word' id='word_1_19' title='bbox 1442 417 1560 460; x_wconf 88' lang='lat' dir='ltr'>irrito</span> <span class='ocrx_word' id='word_1_20' title='bbox 1578 431 1748 461; x_wconf 84' lang='lat' dir='ltr'>conatu.</span> 
     </span>
     <span class='ocr_line' id='line_1_4' title="bbox 100 475 1752 543; baseline 0.002 -21"><span class='ocrx_word' id='word_1_21' title='bbox 100 475 199 522; x_wconf 89' lang='lat' dir='ltr'>fecit</span> <span class='ocrx_word' id='word_1_22' title='bbox 216 478 357 535; x_wconf 88' lang='lat' dir='ltr'>Deus,</span> <span class='ocrx_word' id='word_1_23' title='bbox 389 492 435 524; x_wconf 91' lang='lat' dir='ltr'>vt</span> <span class='ocrx_word' id='word_1_24' title='bbox 464 479 603 523; x_wconf 87' lang='lat' dir='ltr'>Patres</span> <span class='ocrx_word' id='word_1_25' title='bbox 632 478 800 524; x_wconf 83' lang='lat' dir='ltr'>nostros</span> <span class='ocrx_word' id='word_1_26' title='bbox 834 477 1104 525; x_wconf 76' lang='lat' dir='ltr'>admitterent</span> <span class='ocrx_word' id='word_1_27' title='bbox 1134 478 1330 525; x_wconf 80' lang='lat' dir='ltr'>arbitros.</span> <span class='ocrx_word' id='word_1_28' title='bbox 1361 480 1509 543; x_wconf 89' lang='lat' dir='ltr'>Itaque</span> <span class='ocrx_word' id='word_1_29' title='bbox 1538 480 1752 526; x_wconf 88' lang='lat' dir='ltr'>Gandauo</span> 
     </span>
     <span class='ocr_line' id='line_1_5' title="bbox 102 539 1753 609; baseline 0.003 -22"><span class='ocrx_word' id='word_1_30' title='bbox 102 539 409 587; x_wconf 84' lang='lat' dir='ltr'>Consiliarium</span> <span class='ocrx_word' id='word_1_31' title='bbox 428 559 528 589; x_wconf 87' lang='lat' dir='ltr'>cum</span> <span class='ocrx_word' id='word_1_32' title='bbox 547 541 762 606; x_wconf 77' lang='lat' dir='ltr'>Vtriusque</span> <span class='ocrx_word' id='word_1_33' title='bbox 774 547 901 606; x_wconf 87' lang='lat' dir='ltr'>partis</span> <span class='ocrx_word' id='word_1_34' title='bbox 921 544 1139 592; x_wconf 68' lang='lat' dir='ltr'>actoribus</span> <span class='ocrx_word' id='word_1_35' title='bbox 1158 543 1390 601; x_wconf 86' lang='lat' dir='ltr'>accersunt,</span> <span class='ocrx_word' id='word_1_36' title='bbox 1410 548 1485 609; x_wconf 88' lang='lat' dir='ltr'>qui</span> <span class='ocrx_word' id='word_1_37' title='bbox 1511 563 1656 591; x_wconf 88' lang='lat' dir='ltr'>coram</span> <span class='ocrx_word' id='word_1_38' title='bbox 1673 562 1753 592; x_wconf 89' lang='lat' dir='ltr'>no-</span> 
     </span>
     <span class='ocr_line' id='line_1_6' title="bbox 100 605 1752 674; baseline 0.002 -21"><span class='ocrx_word' id='word_1_39' title='bbox 100 605 187 653; x_wconf 88' lang='lat' dir='ltr'>stris</span> <span class='ocrx_word' id='word_1_40' title='bbox 207 605 538 653; x_wconf 87' lang='lat' dir='ltr'>controuerfiam</span> <span class='ocrx_word' id='word_1_41' title='bbox 559 607 802 671; x_wconf 86' lang='lat' dir='ltr'>disceptent.</span> <span class='ocrx_word' id='word_1_42' title='bbox 843 612 995 655; x_wconf 90' lang='lat' dir='ltr'>Coetus</span> <span class='ocrx_word' id='word_1_43' title='bbox 1024 608 1216 656; x_wconf 85' lang='lat' dir='ltr'>triduum</span> <span class='ocrx_word' id='word_1_44' title='bbox 1235 608 1288 655; x_wconf 89' lang='lat' dir='ltr'>ad</span> <span class='ocrx_word' id='word_1_45' title='bbox 1312 610 1417 655; x_wconf 79' lang='lat' dir='ltr'>aedes</span> <span class='ocrx_word' id='word_1_46' title='bbox 1446 611 1605 657; x_wconf 88' lang='lat' dir='ltr'>nostras</span> <span class='ocrx_word' id='word_1_47' title='bbox 1634 615 1752 674; x_wconf 80' lang='lat' dir='ltr'>cogi-</span> 
     </span>
     <span class='ocr_line' id='line_1_7' title="bbox 99 670 1752 739; baseline 0.003 -22"><span class='ocrx_word' id='word_1_48' title='bbox 99 687 176 718; x_wconf 89' lang='lat' dir='ltr'>tur.</span> <span class='ocrx_word' id='word_1_49' title='bbox 216 670 512 734; x_wconf 85' lang='lat' dir='ltr'>expenduntur</span> <span class='ocrx_word' id='word_1_50' title='bbox 536 688 759 719; x_wconf 86' lang='lat' dir='ltr'>momenta</span> <span class='ocrx_word' id='word_1_51' title='bbox 778 676 1014 729; x_wconf 81' lang='lat' dir='ltr'>rationum,</span> <span class='ocrx_word' id='word_1_52' title='bbox 1045 673 1230 737; x_wconf 86' lang='lat' dir='ltr'>denique</span> <span class='ocrx_word' id='word_1_53' title='bbox 1246 677 1422 720; x_wconf 79' lang='lat' dir='ltr'>Parrum</span> <span class='ocrx_word' id='word_1_54' title='bbox 1448 674 1649 722; x_wconf 86' lang='lat' dir='ltr'>arbitratu</span> <span class='ocrx_word' id='word_1_55' title='bbox 1672 694 1752 739; x_wconf 88' lang='lat' dir='ltr'>po-</span> 
     </span>
     <span class='ocr_line' id='line_1_8' title="bbox 99 735 1746 802; baseline 0.004 -21"><span class='ocrx_word' id='word_1_56' title='bbox 99 752 257 782; x_wconf 89' lang='lat' dir='ltr'>nuntur</span> <span class='ocrx_word' id='word_1_57' title='bbox 282 736 408 795; x_wconf 88' lang='lat' dir='ltr'>odia,</span> <span class='ocrx_word' id='word_1_58' title='bbox 435 735 601 802; x_wconf 75' lang='lat' dir='ltr'>paxque</span> <span class='ocrx_word' id='word_1_59' title='bbox 639 737 940 797; x_wconf 88' lang='lat' dir='ltr'>constituitur,</span> <span class='ocrx_word' id='word_1_60' title='bbox 973 736 1212 785; x_wconf 83' lang='lat' dir='ltr'>incredibili</span> <span class='ocrx_word' id='word_1_61' title='bbox 1237 741 1416 785; x_wconf 85' lang='lat' dir='ltr'>ciuitatis</span> <span class='ocrx_word' id='word_1_62' title='bbox 1448 740 1746 802; x_wconf 74' lang='lat' dir='ltr'>gratulatione.</span> 
     </span>
     <span class='ocr_line' id='line_1_9' title="bbox 101 801 1749 867; baseline 0.004 -20"><span class='ocrx_word' id='word_1_63' title='bbox 101 801 233 865; x_wconf 82' lang='lat' dir='ltr'>Qid</span> <span class='ocrx_word' id='word_1_64' title='bbox 249 819 365 848; x_wconf 91' lang='lat' dir='ltr'>nunc</span> <span class='ocrx_word' id='word_1_65' title='bbox 383 802 527 848; x_wconf 87' lang='lat' dir='ltr'>dicam</span> <span class='ocrx_word' id='word_1_66' title='bbox 542 820 686 867; x_wconf 79' lang='lat' dir='ltr'>graues</span> <span class='ocrx_word' id='word_1_67' title='bbox 710 809 754 849; x_wconf 82' lang='lat'>&amp;</span> <span class='ocrx_word' id='word_1_68' title='bbox 771 806 872 848; x_wconf 89' lang='lat' dir='ltr'>totis</span> <span class='ocrx_word' id='word_1_69' title='bbox 887 801 1065 851; x_wconf 86' lang='lat' dir='ltr'>vrbibus</span> <span class='ocrx_word' id='word_1_70' title='bbox 1083 801 1329 866; x_wconf 87' lang='lat' dir='ltr'>periculosas</span> <span class='ocrx_word' id='word_1_71' title='bbox 1345 804 1569 851; x_wconf 85' lang='lat' dir='ltr'>seditiones</span> <span class='ocrx_word' id='word_1_72' title='bbox 1583 844 1596 863; x_wconf 84' lang='lat'>,</span> <span class='ocrx_word' id='word_1_73' title='bbox 1609 810 1749 854; x_wconf 90' lang='lat' dir='ltr'>ciuem</span> 
     </span>
     <span class='ocr_line' id='line_1_10' title="bbox 100 865 1748 932; baseline 0.002 -20"><span class='ocrx_word' id='word_1_74' title='bbox 100 870 204 913; x_wconf 88' lang='lat' dir='ltr'>inter</span> <span class='ocrx_word' id='word_1_75' title='bbox 231 885 280 913; x_wconf 87' lang='lat' dir='ltr'>ac</span> <span class='ocrx_word' id='word_1_76' title='bbox 311 865 497 913; x_wconf 87' lang='lat' dir='ltr'>militem</span> <span class='ocrx_word' id='word_1_77' title='bbox 527 872 745 932; x_wconf 81' lang='lat' dir='ltr'>Vtrimque</span> <span class='ocrx_word' id='word_1_78' title='bbox 768 866 823 913; x_wconf 90' lang='lat' dir='ltr'>ad</span> <span class='ocrx_word' id='word_1_79' title='bbox 838 884 958 914; x_wconf 88' lang='lat' dir='ltr'>arma</span> <span class='ocrx_word' id='word_1_80' title='bbox 981 866 1256 915; x_wconf 84' lang='lat' dir='ltr'>conuolantes</span> <span class='ocrx_word' id='word_1_81' title='bbox 1269 906 1283 926; x_wconf 92' lang='lat'>‚</span> <span class='ocrx_word' id='word_1_82' title='bbox 1311 868 1456 915; x_wconf 60' lang='lat' dir='ltr'>nostra</span> <span class='ocrx_word' id='word_1_83' title='bbox 1479 869 1748 931; x_wconf 73' lang='lat' dir='ltr'>potissimum</span> 
     </span>
     <span class='ocr_line' id='line_1_11' title="bbox 20 930 1747 998; baseline 0.002 -20"><span class='ocrx_word' id='word_1_84' title='bbox 20 955 23 995; x_wconf 53' lang='lat'><em>3</em></span> <span class='ocrx_word' id='word_1_85' title='bbox 100 930 227 995; x_wconf 60' lang='lat' dir='ltr'>opera</span> <span class='ocrx_word' id='word_1_86' title='bbox 254 931 500 979; x_wconf 67' lang='lat' dir='ltr'>restinctas?</span> <span class='ocrx_word' id='word_1_87' title='bbox 528 935 679 980; x_wconf 87' lang='lat' dir='ltr'>Annus</span> <span class='ocrx_word' id='word_1_88' title='bbox 694 932 826 996; x_wconf 77' lang='lat' dir='ltr'>prope</span> <span class='ocrx_word' id='word_1_89' title='bbox 847 932 1225 998; x_wconf 72' lang='lat' dir='ltr'>quinquagefimus</span> <span class='ocrx_word' id='word_1_90' title='bbox 1251 931 1338 990; x_wconf 88' lang='lat' dir='ltr'>est,</span> <span class='ocrx_word' id='word_1_91' title='bbox 1366 951 1414 979; x_wconf 87' lang='lat' dir='ltr'>ex</span> <span class='ocrx_word' id='word_1_92' title='bbox 1432 951 1519 996; x_wconf 89' lang='lat' dir='ltr'>quo</span> <span class='ocrx_word' id='word_1_93' title='bbox 1533 934 1747 981; x_wconf 86' lang='lat' dir='ltr'>seditiosus</span> 
     </span>
     <span class='ocr_line' id='line_1_12' title="bbox 59 994 1748 1062; baseline 0.002 -19"><span class='ocrx_word' id='word_1_94' title='bbox 59 994 61 996; x_wconf 49' lang='grc'><strong>’</strong></span> <span class='ocrx_word' id='word_1_95' title='bbox 100 995 217 1043; x_wconf 78' lang='lat' dir='ltr'>miles</span> <span class='ocrx_word' id='word_1_96' title='bbox 241 1000 419 1045; x_wconf 86' lang='lat' dir='ltr'>incautis</span> <span class='ocrx_word' id='word_1_97' title='bbox 445 997 610 1046; x_wconf 87' lang='lat' dir='ltr'>ciuibus</span> <span class='ocrx_word' id='word_1_98' title='bbox 635 1000 892 1055; x_wconf 69' lang='lat' dir='ltr'>Cortracum</span> <span class='ocrx_word' id='word_1_99' title='bbox 924 998 1146 1062; x_wconf 68' lang='lat' dir='ltr'>ingress&#39;us,</span> <span class='ocrx_word' id='word_1_100' title='bbox 1174 997 1409 1045; x_wconf 86' lang='lat' dir='ltr'>dilatorum</span> <span class='ocrx_word' id='word_1_101' title='bbox 1434 999 1748 1062; x_wconf 89' lang='lat' dir='ltr'>stipendiorum</span> 
     </span>
     <span class='ocr_line' id='line_1_13' title="bbox 99 1060 1750 1129; baseline 0.002 -21"><span class='ocrx_word' id='word_1_102' title='bbox 99 1061 257 1109; x_wconf 85' lang='lat' dir='ltr'>damna</span> <span class='ocrx_word' id='word_1_103' title='bbox 281 1067 509 1110; x_wconf 90' lang='lat' dir='ltr'>communi</span> <span class='ocrx_word' id='word_1_104' title='bbox 526 1061 641 1112; x_wconf 91' lang='lat' dir='ltr'>vrbis</span> <span class='ocrx_word' id='word_1_105' title='bbox 658 1060 914 1127; x_wconf 79' lang='lat' dir='ltr'>expilatione</span> <span class='ocrx_word' id='word_1_106' title='bbox 933 1080 1213 1127; x_wconf 79' lang='lat' dir='ltr'>reparaturus,</span> <span class='ocrx_word' id='word_1_107' title='bbox 1233 1062 1379 1110; x_wconf 88' lang='lat' dir='ltr'>medio</span> <span class='ocrx_word' id='word_1_108' title='bbox 1397 1062 1492 1110; x_wconf 90' lang='lat' dir='ltr'>foro</span> <span class='ocrx_word' id='word_1_109' title='bbox 1509 1064 1750 1129; x_wconf 79' lang='lat' dir='ltr'>explicabat</span> 
     </span>
     <span class='ocr_line' id='line_1_14' title="bbox 100 1126 1749 1193; baseline 0.002 -20"><span class='ocrx_word' id='word_1_110' title='bbox 100 1130 249 1185; x_wconf 84' lang='lat' dir='ltr'>aciem,</span> <span class='ocrx_word' id='word_1_111' title='bbox 268 1127 455 1192; x_wconf 86' lang='lat' dir='ltr'>praedam</span> <span class='ocrx_word' id='word_1_112' title='bbox 471 1128 541 1174; x_wconf 81' lang='lat' dir='ltr'>‘ue</span> <span class='ocrx_word' id='word_1_113' title='bbox 560 1126 832 1193; x_wconf 82' lang='lat' dir='ltr'>designabat,</span> <span class='ocrx_word' id='word_1_114' title='bbox 855 1128 971 1176; x_wconf 85' lang='lat' dir='ltr'>haud</span> <span class='ocrx_word' id='word_1_115' title='bbox 986 1128 1163 1193; x_wconf 74' lang='lat' dir='ltr'>impune</span> <span class='ocrx_word' id='word_1_116' title='bbox 1181 1128 1378 1192; x_wconf 61' lang='lat' dir='ltr'>profecto</span> <span class='ocrx_word' id='word_1_117' title='bbox 1402 1129 1574 1193; x_wconf 76' lang='lat' dir='ltr'>passuris</span> <span class='ocrx_word' id='word_1_118' title='bbox 1601 1129 1749 1177; x_wconf 86' lang='lat' dir='ltr'>domi-</span> 
     </span>
     <span class='ocr_line' id='line_1_15' title="bbox 100 1192 1748 1259; baseline 0.002 -19"><span class='ocrx_word' id='word_1_119' title='bbox 100 1196 163 1240; x_wconf 88' lang='lat' dir='ltr'>nis</span> <span class='ocrx_word' id='word_1_120' title='bbox 180 1193 253 1240; x_wconf 86' lang='lat' dir='ltr'>sua</span> <span class='ocrx_word' id='word_1_121' title='bbox 271 1196 382 1240; x_wconf 65' lang='lat' dir='ltr'>tecta</span> <span class='ocrx_word' id='word_1_122' title='bbox 405 1194 478 1257; x_wconf 89' lang='lat' dir='ltr'>spo</span> <span class='ocrx_word' id='word_1_123' title='bbox 498 1197 584 1240; x_wconf 90' lang='lat' dir='ltr'>iari.</span> <span class='ocrx_word' id='word_1_124' title='bbox 608 1197 798 1241; x_wconf 89' lang='lat' dir='ltr'>Cruenta</span> <span class='ocrx_word' id='word_1_125' title='bbox 812 1192 1035 1240; x_wconf 76' lang='lat' dir='ltr'>enimuero</span> <span class='ocrx_word' id='word_1_126' title='bbox 1056 1193 1302 1242; x_wconf 79' lang='lat' dir='ltr'>minabatur</span> <span class='ocrx_word' id='word_1_127' title='bbox 1329 1194 1554 1258; x_wconf 87' lang='lat' dir='ltr'>tempestas</span> <span class='ocrx_word' id='word_1_128' title='bbox 1572 1235 1585 1255; x_wconf 90' lang='lat'>,</span> <span class='ocrx_word' id='word_1_129' title='bbox 1611 1213 1748 1259; x_wconf 89' lang='lat' dir='ltr'>quam</span> 
     </span>
     <span class='ocr_line' id='line_1_16' title="bbox 100 1256 1748 1322; baseline 0.002 -18"><span class='ocrx_word' id='word_1_130' title='bbox 100 1256 345 1322; x_wconf 85' lang='lat' dir='ltr'>depulsurus</span> <span class='ocrx_word' id='word_1_131' title='bbox 359 1261 585 1305; x_wconf 89' lang='lat' dir='ltr'>Sociorum</span> <span class='ocrx_word' id='word_1_132' title='bbox 603 1257 725 1305; x_wconf 86' lang='lat' dir='ltr'>labor</span> <span class='ocrx_word' id='word_1_133' title='bbox 742 1258 894 1306; x_wconf 71' lang='lat' dir='ltr'>frustra</span> <span class='ocrx_word' id='word_1_134' title='bbox 917 1258 1095 1306; x_wconf 89' lang='lat' dir='ltr'>sudabat</span> <span class='ocrx_word' id='word_1_135' title='bbox 1117 1260 1230 1322; x_wconf 87' lang='lat' dir='ltr'>apud</span> <span class='ocrx_word' id='word_1_136' title='bbox 1259 1259 1513 1306; x_wconf 87' lang='lat' dir='ltr'>frementem</span> <span class='ocrx_word' id='word_1_137' title='bbox 1547 1259 1748 1321; x_wconf 77' lang='lat' dir='ltr'>militem,</span> 
     </span>
     <span class='ocr_line' id='line_1_17' title="bbox 98 1321 1750 1390; baseline 0.001 -20"><span class='ocrx_word' id='word_1_138' title='bbox 98 1340 234 1387; x_wconf 88' lang='lat' dir='ltr'>neque</span> <span class='ocrx_word' id='word_1_139' title='bbox 252 1323 443 1387; x_wconf 88' lang='lat' dir='ltr'>precibus</span> <span class='ocrx_word' id='word_1_140' title='bbox 461 1342 598 1388; x_wconf 88' lang='lat' dir='ltr'>neque</span> <span class='ocrx_word' id='word_1_141' title='bbox 612 1321 847 1371; x_wconf 87' lang='lat' dir='ltr'>rationibus</span> <span class='ocrx_word' id='word_1_142' title='bbox 867 1340 1090 1372; x_wconf 91' lang='lat' dir='ltr'>attentum.</span> <span class='ocrx_word' id='word_1_143' title='bbox 1132 1330 1247 1390; x_wconf 83' lang='lat' dir='ltr'>Ergo</span> <span class='ocrx_word' id='word_1_144' title='bbox 1264 1323 1338 1373; x_wconf 91' lang='lat' dir='ltr'>vbi</span> <span class='ocrx_word' id='word_1_145' title='bbox 1356 1325 1491 1372; x_wconf 89' lang='lat' dir='ltr'>verbis</span> <span class='ocrx_word' id='word_1_146' title='bbox 1511 1325 1623 1373; x_wconf 90' lang='lat' dir='ltr'>nihil</span> <span class='ocrx_word' id='word_1_147' title='bbox 1650 1344 1750 1390; x_wconf 83' lang='lat' dir='ltr'>pro-</span> 
     </span>
     <span class='ocr_line' id='line_1_18' title="bbox 97 1386 1749 1452; baseline 0.002 -17"><span class='ocrx_word' id='word_1_148' title='bbox 97 1386 168 1435; x_wconf 82' lang='lat' dir='ltr'>fici</span> <span class='ocrx_word' id='word_1_149' title='bbox 181 1389 342 1448; x_wconf 90' lang='lat' dir='ltr'>vident,</span> <span class='ocrx_word' id='word_1_150' title='bbox 366 1408 416 1436; x_wconf 89' lang='lat' dir='ltr'>ex</span> <span class='ocrx_word' id='word_1_151' title='bbox 429 1389 515 1436; x_wconf 85' lang='lat' dir='ltr'>aede</span> <span class='ocrx_word' id='word_1_152' title='bbox 530 1388 725 1452; x_wconf 62' lang='lat' dir='ltr'>proxima</span> <span class='ocrx_word' id='word_1_153' title='bbox 755 1389 914 1437; x_wconf 89' lang='lat' dir='ltr'>sacram</span> <span class='ocrx_word' id='word_1_154' title='bbox 938 1389 1086 1437; x_wconf 88' lang='lat' dir='ltr'>deferri</span> <span class='ocrx_word' id='word_1_155' title='bbox 1108 1408 1257 1438; x_wconf 85' lang='lat' dir='ltr'>curant</span> <span class='ocrx_word' id='word_1_156' title='bbox 1279 1389 1510 1450; x_wconf 86' lang='lat' dir='ltr'>Hostiam,</span> <span class='ocrx_word' id='word_1_157' title='bbox 1539 1399 1583 1437; x_wconf 73' lang='grc' dir='ltr'>δε</span> <span class='ocrx_word' id='word_1_158' title='bbox 1603 1393 1749 1438; x_wconf 89' lang='lat' dir='ltr'>medio</span> 
     </span>
     <span class='ocr_line' id='line_1_19' title="bbox 28 1453 1751 1520; baseline 0.002 -22"><span class='ocrx_word' id='word_1_159' title='bbox 28 1485 30 1498; x_wconf 58' lang='lat'><em>2</em></span> <span class='ocrx_word' id='word_1_160' title='bbox 99 1453 228 1502; x_wconf 91' lang='lat' dir='ltr'>locari</span> <span class='ocrx_word' id='word_1_161' title='bbox 242 1455 351 1501; x_wconf 90' lang='lat' dir='ltr'>foro.</span> <span class='ocrx_word' id='word_1_162' title='bbox 390 1457 514 1501; x_wconf 88' lang='lat' dir='ltr'>Tum</span> <span class='ocrx_word' id='word_1_163' title='bbox 527 1458 707 1502; x_wconf 86' lang='lat' dir='ltr'>inermes</span> <span class='ocrx_word' id='word_1_164' title='bbox 726 1453 805 1518; x_wconf 88' lang='lat' dir='ltr'>ipfi</span> <span class='ocrx_word' id='word_1_165' title='bbox 822 1458 928 1503; x_wconf 89' lang='lat' dir='ltr'>inter</span> <span class='ocrx_word' id='word_1_166' title='bbox 942 1471 1124 1502; x_wconf 87' lang='lat' dir='ltr'>armatos</span> <span class='ocrx_word' id='word_1_167' title='bbox 1146 1454 1387 1513; x_wconf 85' lang='lat' dir='ltr'>discursant,</span> <span class='ocrx_word' id='word_1_168' title='bbox 1402 1456 1555 1520; x_wconf 82' lang='lat' dir='ltr'>perq&#39;ue</span> <span class='ocrx_word' id='word_1_169' title='bbox 1572 1457 1751 1520; x_wconf 63' lang='lat' dir='ltr'>praesen-2·</span> 
     </span>
     <span class='ocr_line' id='line_1_20' title="bbox 98 1518 1750 1580; baseline 0.002 -14"><span class='ocrx_word' id='word_1_170' title='bbox 98 1534 185 1566; x_wconf 90' lang='lat' dir='ltr'>tem</span> <span class='ocrx_word' id='word_1_171' title='bbox 202 1522 349 1566; x_wconf 88' lang='lat' dir='ltr'>Deum</span> <span class='ocrx_word' id='word_1_172' title='bbox 361 1519 642 1580; x_wconf 85' lang='lat' dir='ltr'>obtestantur,</span> <span class='ocrx_word' id='word_1_173' title='bbox 660 1537 713 1566; x_wconf 90' lang='lat' dir='ltr'>ne</span> <span class='ocrx_word' id='word_1_174' title='bbox 727 1519 1021 1568; x_wconf 88' lang='lat' dir='ltr'>crudelitatem</span> <span class='ocrx_word' id='word_1_175' title='bbox 1046 1520 1241 1568; x_wconf 90' lang='lat' dir='ltr'>hostibus</span> <span class='ocrx_word' id='word_1_176' title='bbox 1266 1518 1456 1567; x_wconf 83' lang='lat' dir='ltr'>debitam</span> <span class='ocrx_word' id='word_1_177' title='bbox 1474 1526 1518 1568; x_wconf 90' lang='lat' dir='ltr'>in</span> <span class='ocrx_word' id='word_1_178' title='bbox 1547 1521 1750 1570; x_wconf 89' lang='lat' dir='ltr'>Catholi-</span> 
     </span>
     <span class='ocr_line' id='line_1_21' title="bbox 30 1582 1749 1649; baseline 0.002 -18"><span class='ocrx_word' id='word_1_179' title='bbox 30 1611 31 1614; x_wconf 61' lang='lat'><em>=</em></span> <span class='ocrx_word' id='word_1_180' title='bbox 98 1602 168 1632; x_wconf 90' lang='lat' dir='ltr'>cos</span> <span class='ocrx_word' id='word_1_181' title='bbox 186 1589 297 1632; x_wconf 82' lang='lat' dir='ltr'>ciues</span> <span class='ocrx_word' id='word_1_182' title='bbox 316 1585 434 1632; x_wconf 90' lang='lat' dir='ltr'>furor</span> <span class='ocrx_word' id='word_1_183' title='bbox 450 1601 635 1632; x_wconf 84' lang='lat' dir='ltr'>armatus</span> <span class='ocrx_word' id='word_1_184' title='bbox 653 1582 864 1633; x_wconf 85' lang='lat' dir='ltr'>effundat.</span> <span class='ocrx_word' id='word_1_185' title='bbox 905 1589 1128 1633; x_wconf 86' lang='lat' dir='ltr'>Orationis</span> <span class='ocrx_word' id='word_1_186' title='bbox 1147 1586 1417 1633; x_wconf 86' lang='lat' dir='ltr'>vehementia</span> <span class='ocrx_word' id='word_1_187' title='bbox 1433 1586 1616 1649; x_wconf 85' lang='lat' dir='ltr'>repressit</span> <span class='ocrx_word' id='word_1_188' title='bbox 1636 1587 1749 1634; x_wconf 62' lang='lat' dir='ltr'>indie·</span> 
     </span>
     <span class='ocr_line' id='line_1_22' title="bbox 32 1649 1751 1716; baseline 0.002 -20"><span class='ocrx_word' id='word_1_189' title='bbox 32 1675 33 1678; x_wconf 39' lang='lat'>¹</span> <span class='ocrx_word' id='word_1_190' title='bbox 97 1649 381 1714; x_wconf 87' lang='lat' dir='ltr'>gnabundam</span> <span class='ocrx_word' id='word_1_191' title='bbox 414 1650 603 1707; x_wconf 84' lang='lat' dir='ltr'>rabiem,</span> <span class='ocrx_word' id='word_1_192' title='bbox 634 1650 808 1715; x_wconf 72' lang='lat' dir='ltr'>ipsaque</span> <span class='ocrx_word' id='word_1_193' title='bbox 830 1654 874 1697; x_wconf 92' lang='lat' dir='ltr'>in</span> <span class='ocrx_word' id='word_1_194' title='bbox 906 1655 1055 1713; x_wconf 87' lang='lat' dir='ltr'>primis</span> <span class='ocrx_word' id='word_1_195' title='bbox 1072 1654 1301 1699; x_wconf 82' lang='lat' dir='ltr'>reuerentia</span> <span class='ocrx_word' id='word_1_196' title='bbox 1321 1653 1554 1697; x_wconf 89' lang='lat' dir='ltr'>Numinis:</span> <span class='ocrx_word' id='word_1_197' title='bbox 1584 1670 1751 1716; x_wconf 81' lang='lat' dir='ltr'>magno</span> 
     </span>
     <span class='ocr_line' id='line_1_23' title="bbox 33 1713 1750 1780; baseline -0.001 -15"><span class='ocrx_word' id='word_1_198' title='bbox 33 1761 34 1765; x_wconf 75' lang='grc'>,</span> <span class='ocrx_word' id='word_1_199' title='bbox 100 1733 199 1762; x_wconf 89' lang='lat' dir='ltr'>cum</span> <span class='ocrx_word' id='word_1_200' title='bbox 226 1716 397 1762; x_wconf 89' lang='lat' dir='ltr'>fremitu</span> <span class='ocrx_word' id='word_1_201' title='bbox 427 1713 540 1762; x_wconf 78' lang='lat' dir='ltr'>illisis</span> <span class='ocrx_word' id='word_1_202' title='bbox 568 1719 611 1761; x_wconf 89' lang='lat' dir='ltr'>in</span> <span class='ocrx_word' id='word_1_203' title='bbox 639 1731 793 1761; x_wconf 88' lang='lat' dir='ltr'>terram</span> <span class='ocrx_word' id='word_1_204' title='bbox 814 1718 970 1774; x_wconf 88' lang='lat' dir='ltr'>armis,</span> <span class='ocrx_word' id='word_1_205' title='bbox 997 1719 1042 1762; x_wconf 89' lang='lat' dir='ltr'>in</span> <span class='ocrx_word' id='word_1_206' title='bbox 1076 1733 1214 1780; x_wconf 83' lang='lat' dir='ltr'>genua</span> <span class='ocrx_word' id='word_1_207' title='bbox 1237 1733 1390 1762; x_wconf 89' lang='lat' dir='ltr'>omnes</span> <span class='ocrx_word' id='word_1_208' title='bbox 1413 1715 1750 1778; x_wconf 88' lang='lat' dir='ltr'>prouoluuntur,</span> 
     </span>
     <span class='ocr_line' id='line_1_24' title="bbox 34 1777 1751 1846; baseline 0.002 -21"><span class='ocrx_word' id='word_1_209' title='bbox 34 1825 35 1831; x_wconf 65' lang='grc'>,</span> <span class='ocrx_word' id='word_1_210' title='bbox 95 1777 333 1846; x_wconf 69' lang='lat' dir='ltr'>Deumque.</span> <span class='ocrx_word' id='word_1_211' title='bbox 356 1779 674 1839; x_wconf 82' lang='lat' dir='ltr'>venerati,dant</span> <span class='ocrx_word' id='word_1_212' title='bbox 702 1778 867 1827; x_wconf 88' lang='lat' dir='ltr'>ciuibus</span> <span class='ocrx_word' id='word_1_213' title='bbox 887 1779 1091 1841; x_wconf 88' lang='lat' dir='ltr'>dexteras,</span> <span class='ocrx_word' id='word_1_214' title='bbox 1116 1778 1351 1845; x_wconf 67' lang='lat' dir='ltr'>pacemque</span> <span class='ocrx_word' id='word_1_215' title='bbox 1379 1779 1646 1844; x_wconf 85' lang='lat' dir='ltr'>pollicentur.</span> <span class='ocrx_word' id='word_1_216' title='bbox 1689 1785 1751 1828; x_wconf 84' lang='lat' dir='ltr'>Ita</span> 
     </span>
     <span class='ocr_line' id='line_1_25' title="bbox 34 1843 1747 1911; baseline 0 -18"><span class='ocrx_word' id='word_1_217' title='bbox 34 1847 35 1850; x_wconf 63' lang='grc'>’</span> <span class='ocrx_word' id='word_1_218' title='bbox 97 1844 265 1893; x_wconf 69' lang='grc' dir='ltr'>ίὶῑίᾶὶος</span> <span class='ocrx_word' id='word_1_219' title='bbox 285 1862 535 1905; x_wconf 87' lang='lat' dir='ltr'>mucrones,</span> <span class='ocrx_word' id='word_1_220' title='bbox 566 1853 609 1891; x_wconf 71' lang='grc' dir='ltr'>δε</span> <span class='ocrx_word' id='word_1_221' title='bbox 638 1861 784 1908; x_wconf 87' lang='lat' dir='ltr'>parata</span> <span class='ocrx_word' id='word_1_222' title='bbox 809 1847 972 1893; x_wconf 87' lang='lat' dir='ltr'>ciuitati</span> <span class='ocrx_word' id='word_1_223' title='bbox 997 1843 1196 1905; x_wconf 80' lang='lat' dir='ltr'>vulnera,</span> <span class='ocrx_word' id='word_1_224' title='bbox 1215 1845 1295 1892; x_wconf 89' lang='lat' dir='ltr'>suis</span> <span class='ocrx_word' id='word_1_225' title='bbox 1319 1843 1453 1911; x_wconf 75' lang='lat' dir='ltr'>prope</span> <span class='ocrx_word' id='word_1_226' title='bbox 1482 1844 1747 1904; x_wconf 85' lang='lat' dir='ltr'>vulneribus,</span> 
     </span>
     <span class='ocr_line' id='line_1_26' title="bbox 36 1908 1505 1975; baseline -0.001 -17"><span class='ocrx_word' id='word_1_227' title='bbox 36 1959 38 1965; x_wconf 71' lang='grc'>,</span> <span class='ocrx_word' id='word_1_228' title='bbox 99 1910 207 1958; x_wconf 72' lang='lat' dir='ltr'>cette</span> <span class='ocrx_word' id='word_1_229' title='bbox 224 1909 453 1959; x_wconf 87' lang='lat' dir='ltr'>vulnerum</span> <span class='ocrx_word' id='word_1_230' title='bbox 470 1909 700 1975; x_wconf 75' lang='lat' dir='ltr'>mortisque</span> <span class='ocrx_word' id='word_1_231' title='bbox 717 1909 905 1974; x_wconf 83' lang='lat' dir='ltr'>praesenti</span> <span class='ocrx_word' id='word_1_232' title='bbox 922 1908 1127 1974; x_wconf 90' lang='lat' dir='ltr'>periculo,</span> <span class='ocrx_word' id='word_1_233' title='bbox 1144 1914 1324 1958; x_wconf 84' lang='lat' dir='ltr'>Societas</span> <span class='ocrx_word' id='word_1_234' title='bbox 1339 1914 1505 1957; x_wconf 86' lang='lat' dir='ltr'>auertit.</span> 
     </span>
     <span class='ocr_line' id='line_1_27' title="bbox 166 1973 1953 2039; baseline -0.001 -16"><span class='ocrx_word' id='word_1_235' title='bbox 166 1978 324 2023; x_wconf 85' lang='lat' dir='ltr'>Nonus</span> <span class='ocrx_word' id='word_1_236' title='bbox 338 1973 458 2022; x_wconf 87' lang='lat' dir='ltr'>labor</span> <span class='ocrx_word' id='word_1_237' title='bbox 478 1978 522 2021; x_wconf 90' lang='lat' dir='ltr'>in</span> <span class='ocrx_word' id='word_1_238' title='bbox 537 1975 778 2022; x_wconf 83' lang='lat' dir='ltr'>excolendis</span> <span class='ocrx_word' id='word_1_239' title='bbox 794 1975 863 2039; x_wconf 63' lang='lat' dir='ltr'>pia</span> <span class='ocrx_word' id='word_1_240' title='bbox 878 1979 1245 2023; x_wconf 87' lang='lat' dir='ltr'>commentatione</span> <span class='ocrx_word' id='word_1_241' title='bbox 1264 1974 1462 2023; x_wconf 80' lang='lat' dir='ltr'>humanis</span> <span class='ocrx_word' id='word_1_242' title='bbox 1490 1977 1644 2022; x_wconf 86' lang='lat' dir='ltr'>animis</span> <span class='ocrx_word' id='word_1_243' title='bbox 1658 1993 1749 2023; x_wconf 85' lang='lat' dir='ltr'>ver-</span> <span class='ocrx_word' id='word_1_244' title='bbox 1774 1974 1889 2039; x_wconf 45' lang='lat' dir='ltr'>Nam</span> <span class='ocrx_word' id='word_1_245' title='bbox 1906 1973 1953 2007; x_wconf 39' lang='grc' dir='ltr'>[ψ</span> 
     </span>
     <span class='ocr_line' id='line_1_28' title="bbox 38 2020 1931 2114; baseline 0 -26"><span class='ocrx_word' id='word_1_246' title='bbox 38 2060 39 2067; x_wconf 68' lang='grc'>’</span> <span class='ocrx_word' id='word_1_247' title='bbox 99 2039 220 2088; x_wconf 83' lang='lat' dir='ltr'>satur:</span> <span class='ocrx_word' id='word_1_248' title='bbox 238 2058 332 2105; x_wconf 87' lang='lat' dir='ltr'>quae</span> <span class='ocrx_word' id='word_1_249' title='bbox 349 2058 408 2087; x_wconf 85' lang='lat' dir='ltr'>res</span> <span class='ocrx_word' id='word_1_250' title='bbox 423 2044 678 2087; x_wconf 84' lang='lat' dir='ltr'>Societatem</span> <span class='ocrx_word' id='word_1_251' title='bbox 696 2043 741 2087; x_wconf 88' lang='lat' dir='ltr'>in</span> <span class='ocrx_word' id='word_1_252' title='bbox 768 2040 859 2104; x_wconf 91' lang='lat' dir='ltr'>ipso</span> <span class='ocrx_word' id='word_1_253' title='bbox 883 2057 1056 2100; x_wconf 80' lang='lat' dir='ltr'>exortu,</span> <span class='ocrx_word' id='word_1_254' title='bbox 1084 2041 1268 2100; x_wconf 86' lang='lat' dir='ltr'>Louanij</span> <span class='ocrx_word' id='word_1_255' title='bbox 1294 2044 1338 2086; x_wconf 91' lang='lat' dir='ltr'>in</span> <span class='ocrx_word' id='word_1_256' title='bbox 1357 2043 1531 2102; x_wconf 85' lang='lat' dir='ltr'>primis,</span> <span class='ocrx_word' id='word_1_257' title='bbox 1559 2041 1747 2088; x_wconf 90' lang='lat' dir='ltr'>reddidit</span> <span class='ocrx_word' id='word_1_258' title='bbox 1769 2020 1931 2114; x_wconf 41' lang='lat'>2222&amp;</span> 
     </span>
     <span class='ocr_line' id='line_1_29' title="bbox 85 2104 1958 2170; baseline -0.001 -16"><span class='ocrx_word' id='word_1_259' title='bbox 85 2104 509 2155; x_wconf 80' lang='lat' dir='ltr'>commendabilem.</span> <span class='ocrx_word' id='word_1_260' title='bbox 549 2108 672 2152; x_wconf 86' lang='lat' dir='ltr'>Nam</span> <span class='ocrx_word' id='word_1_261' title='bbox 705 2114 749 2153; x_wconf 88' lang='lat'>&amp;</span> <span class='ocrx_word' id='word_1_262' title='bbox 778 2105 978 2155; x_wconf 84' lang='lat' dir='ltr'>Ruardus</span> <span class='ocrx_word' id='word_1_263' title='bbox 1005 2108 1226 2170; x_wconf 88' lang='lat' dir='ltr'>Tapperus</span> <span class='ocrx_word' id='word_1_264' title='bbox 1254 2104 1501 2153; x_wconf 84' lang='lat' dir='ltr'>Academiae</span> <span class='ocrx_word' id='word_1_265' title='bbox 1524 2104 1958 2153; x_wconf 76' lang='lat' dir='ltr'>Cancella-&#39;lmmExer-</span> 
     </span>
     <span class='ocr_line' id='line_1_30' title="bbox 41 2167 1926 2238; baseline 0 -21"><span class='ocrx_word' id='word_1_266' title='bbox 41 2228 42 2238; x_wconf 12' lang='lat'>‘</span> <span class='ocrx_word' id='word_1_267' title='bbox 99 2175 205 2230; x_wconf 79' lang='lat' dir='ltr'>riuS,</span> <span class='ocrx_word' id='word_1_268' title='bbox 225 2179 268 2219; x_wconf 87' lang='lat'>&amp;</span> <span class='ocrx_word' id='word_1_269' title='bbox 295 2170 594 2218; x_wconf 89' lang='lat' dir='ltr'>Theodoricus</span> <span class='ocrx_word' id='word_1_270' title='bbox 620 2168 776 2218; x_wconf 85' lang='lat' dir='ltr'>Hefius</span> <span class='ocrx_word' id='word_1_271' title='bbox 811 2167 1052 2218; x_wconf 83' lang='lat' dir='ltr'>Leodiensls</span> <span class='ocrx_word' id='word_1_272' title='bbox 1089 2171 1384 2230; x_wconf 88' lang='lat' dir='ltr'>Prodecanus,</span> <span class='ocrx_word' id='word_1_273' title='bbox 1421 2179 1465 2218; x_wconf 87' lang='lat'>&amp;</span> <span class='ocrx_word' id='word_1_274' title='bbox 1499 2171 1746 2218; x_wconf 84' lang='lat' dir='ltr'>Ludouicus</span> <span class='ocrx_word' id='word_1_275' title='bbox 1770 2177 1926 2200; x_wconf 54' lang='lat' dir='ltr'>‘mmm</span> 
     </span>
     <span class='ocr_line' id='line_1_31' title="bbox 42 2233 1749 2301; baseline -0.001 -18"><span class='ocrx_word' id='word_1_276' title='bbox 42 2294 44 2298; x_wconf 25' lang='grc' dir='ltr'>Ι</span> <span class='ocrx_word' id='word_1_277' title='bbox 100 2234 261 2284; x_wconf 80' lang='lat' dir='ltr'>Blofius</span> <span class='ocrx_word' id='word_1_278' title='bbox 279 2235 430 2283; x_wconf 89' lang='lat' dir='ltr'>Abbas</span> <span class='ocrx_word' id='word_1_279' title='bbox 450 2233 692 2294; x_wconf 83' lang='lat' dir='ltr'>Laetiensis,</span> <span class='ocrx_word' id='word_1_280' title='bbox 720 2239 765 2283; x_wconf 89' lang='lat' dir='ltr'>in</span> <span class='ocrx_word' id='word_1_281' title='bbox 783 2236 892 2283; x_wconf 87' lang='lat' dir='ltr'>hanc</span> <span class='ocrx_word' id='word_1_282' title='bbox 917 2233 1085 2301; x_wconf 79' lang='lat' dir='ltr'>ingressi</span> <span class='ocrx_word' id='word_1_283' title='bbox 1118 2235 1377 2299; x_wconf 60' lang='lat' dir='ltr'>palaestram,</span> <span class='ocrx_word' id='word_1_284' title='bbox 1402 2237 1654 2284; x_wconf 88' lang='lat' dir='ltr'>exercendos</span> <span class='ocrx_word' id='word_1_285' title='bbox 1670 2235 1749 2284; x_wconf 88' lang='lat' dir='ltr'>sese</span> 
     </span>
     <span class='ocr_line' id='line_1_32' title="bbox 92 2300 1749 2366; baseline 0.001 -18"><span class='ocrx_word' id='word_1_286' title='bbox 92 2300 223 2349; x_wconf 71' lang='lat' dir='ltr'>nobis</span> <span class='ocrx_word' id='word_1_287' title='bbox 238 2301 463 2362; x_wconf 87' lang='lat' dir='ltr'>tradidere,</span> <span class='ocrx_word' id='word_1_288' title='bbox 480 2320 532 2349; x_wconf 90' lang='lat' dir='ltr'>eo</span> <span class='ocrx_word' id='word_1_289' title='bbox 548 2301 691 2348; x_wconf 57' lang='lat' dir='ltr'>fructu</span> <span class='ocrx_word' id='word_1_290' title='bbox 716 2319 849 2364; x_wconf 89' lang='lat' dir='ltr'>quem</span> <span class='ocrx_word' id='word_1_291' title='bbox 866 2300 943 2363; x_wconf 87' lang='lat' dir='ltr'>ipfi</span> <span class='ocrx_word' id='word_1_292' title='bbox 966 2301 1300 2366; x_wconf 86' lang='lat' dir='ltr'>quamplurimis</span> <span class='ocrx_word' id='word_1_293' title='bbox 1313 2300 1523 2364; x_wconf 88' lang='lat' dir='ltr'>optabant</span> <span class='ocrx_word' id='word_1_294' title='bbox 1537 2301 1613 2348; x_wconf 80' lang='lat' dir='ltr'>effe</span> <span class='ocrx_word' id='word_1_295' title='bbox 1628 2321 1749 2350; x_wconf 89' lang='lat' dir='ltr'>com-</span> 
     </span>
     <span class='ocr_line' id='line_1_33' title="bbox 73 2365 1749 2432; baseline 0 -18"><span class='ocrx_word' id='word_1_296' title='bbox 73 2384 292 2415; x_wconf 60' lang='lat' dir='ltr'>‘munem.</span> <span class='ocrx_word' id='word_1_297' title='bbox 332 2370 483 2432; x_wconf 89' lang='lat' dir='ltr'>Itaque</span> <span class='ocrx_word' id='word_1_298' title='bbox 514 2365 681 2414; x_wconf 84' lang='lat' dir='ltr'>Blosius</span> <span class='ocrx_word' id='word_1_299' title='bbox 707 2367 968 2415; x_wconf 82' lang='lat' dir='ltr'>Coenobitas</span> <span class='ocrx_word' id='word_1_300' title='bbox 1001 2384 1152 2414; x_wconf 90' lang='lat' dir='ltr'>omnes</span> <span class='ocrx_word' id='word_1_301' title='bbox 1178 2366 1273 2414; x_wconf 90' lang='lat' dir='ltr'>suos</span> <span class='ocrx_word' id='word_1_302' title='bbox 1297 2366 1456 2413; x_wconf 88' lang='lat' dir='ltr'>eisdem</span> <span class='ocrx_word' id='word_1_303' title='bbox 1494 2367 1749 2429; x_wconf 80' lang='lat' dir='ltr'>spiritalibus</span> 
     </span>
     <span class='ocr_line' id='line_1_34' title="bbox 100 2430 1750 2497; baseline 0.001 -19"><span class='ocrx_word' id='word_1_304' title='bbox 100 2435 434 2480; x_wconf 81' lang='lat' dir='ltr'>exercitamentis</span> <span class='ocrx_word' id='word_1_305' title='bbox 459 2432 613 2480; x_wconf 89' lang='lat' dir='ltr'>instrui</span> <span class='ocrx_word' id='word_1_306' title='bbox 630 2431 795 2490; x_wconf 80' lang='lat' dir='ltr'>voluit3</span> <span class='ocrx_word' id='word_1_307' title='bbox 819 2431 1035 2497; x_wconf 80' lang='lat' dir='ltr'>exstatque</span> <span class='ocrx_word' id='word_1_308' title='bbox 1061 2430 1384 2497; x_wconf 81' lang='lat' dir='ltr'>Religiofiffimi</span> <span class='ocrx_word' id='word_1_309' title='bbox 1403 2435 1478 2480; x_wconf 89' lang='lat' dir='ltr'>viri</span> <span class='ocrx_word' id='word_1_310' title='bbox 1502 2433 1678 2494; x_wconf 86' lang='lat' dir='ltr'>epistola</span> <span class='ocrx_word' id='word_1_311' title='bbox 1696 2433 1750 2481; x_wconf 87' lang='lat' dir='ltr'>ad</span> 
     </span>
     <span class='ocr_line' id='line_1_35' title="bbox 45 2496 1748 2561; baseline 0 -16"><span class='ocrx_word' id='word_1_312' title='bbox 45 2502 48 2509; x_wconf 86' lang='grc'><strong>’</strong></span> <span class='ocrx_word' id='word_1_313' title='bbox 100 2498 346 2545; x_wconf 82' lang='lat' dir='ltr'>Adrianum</span> <span class='ocrx_word' id='word_1_314' title='bbox 363 2496 638 2545; x_wconf 86' lang='lat' dir='ltr'>Louaniensis</span> <span class='ocrx_word' id='word_1_315' title='bbox 653 2496 839 2560; x_wconf 69' lang='lat' dir='ltr'>Collegij</span> <span class='ocrx_word' id='word_1_316' title='bbox 859 2497 1177 2545; x_wconf 85' lang='lat' dir='ltr'>moderatorem</span> <span class='ocrx_word' id='word_1_317' title='bbox 1195 2500 1330 2544; x_wconf 84' lang='lat' dir='ltr'>Laetiis</span> <span class='ocrx_word' id='word_1_318' title='bbox 1341 2497 1544 2561; x_wconf 74' lang='lat' dir='ltr'>data,qu·.‘i</span> <span class='ocrx_word' id='word_1_319' title='bbox 1560 2498 1748 2560; x_wconf 74' lang='lat' dir='ltr'>primum</span> 
     </span>
     <span class='ocr_line' id='line_1_36' title="bbox 47 2562 1751 2628; baseline 0.001 -19"><span class='ocrx_word' id='word_1_320' title='bbox 47 2583 49 2587; x_wconf 67' lang='grc'>’</span> <span class='ocrx_word' id='word_1_321' title='bbox 101 2579 231 2625; x_wconf 72' lang='lat' dir='ltr'>grates</span> <span class='ocrx_word' id='word_1_322' title='bbox 251 2566 339 2627; x_wconf 83' lang='lat' dir='ltr'>agit</span> <span class='ocrx_word' id='word_1_323' title='bbox 368 2562 489 2628; x_wconf 74' lang='lat' dir='ltr'>quod</span> <span class='ocrx_word' id='word_1_324' title='bbox 506 2565 657 2626; x_wconf 78' lang='lat' dir='ltr'>Ignatij</span> <span class='ocrx_word' id='word_1_325' title='bbox 680 2563 873 2626; x_wconf 88' lang='lat' dir='ltr'>precibus</span> <span class='ocrx_word' id='word_1_326' title='bbox 892 2579 964 2626; x_wconf 90' lang='lat' dir='ltr'>per</span> <span class='ocrx_word' id='word_1_327' title='bbox 977 2580 1077 2609; x_wconf 90' lang='lat' dir='ltr'>eum</span> <span class='ocrx_word' id='word_1_328' title='bbox 1107 2563 1202 2609; x_wconf 76' lang='lat' dir='ltr'>effet</span> <span class='ocrx_word' id='word_1_329' title='bbox 1219 2563 1547 2610; x_wconf 86' lang='lat' dir='ltr'>commendatus</span> <span class='ocrx_word' id='word_1_330' title='bbox 1561 2602 1574 2623; x_wconf 88' lang='lat'>,</span> <span class='ocrx_word' id='word_1_331' title='bbox 1596 2564 1751 2610; x_wconf 90' lang='lat' dir='ltr'>deinde</span> 
     </span>
     <span class='ocr_line' id='line_1_37' title="bbox 100 2625 1753 2692; baseline 0.001 -17"><span class='ocrx_word' id='word_1_332' title='bbox 100 2625 179 2676; x_wconf 86' lang='lat' dir='ltr'>fibi</span> <span class='ocrx_word' id='word_1_333' title='bbox 196 2629 249 2677; x_wconf 90' lang='lat' dir='ltr'>de</span> <span class='ocrx_word' id='word_1_334' title='bbox 266 2629 443 2675; x_wconf 89' lang='lat' dir='ltr'>suorum</span> <span class='ocrx_word' id='word_1_335' title='bbox 457 2627 726 2676; x_wconf 83' lang='lat' dir='ltr'>institutione</span> <span class='ocrx_word' id='word_1_336' title='bbox 743 2646 814 2692; x_wconf 92' lang='lat' dir='ltr'>per</span> <span class='ocrx_word' id='word_1_337' title='bbox 829 2627 1063 2675; x_wconf 89' lang='lat' dir='ltr'>Vsmarum</span> <span class='ocrx_word' id='word_1_338' title='bbox 1083 2626 1333 2675; x_wconf 82' lang='lat' dir='ltr'>Goiffmum</span> <span class='ocrx_word' id='word_1_339' title='bbox 1363 2628 1633 2675; x_wconf 88' lang='lat' dir='ltr'>Sacerdotem</span> <span class='ocrx_word' id='word_1_340' title='bbox 1666 2644 1753 2676; x_wconf 74' lang='lat' dir='ltr'>no--v</span> 
     </span>
     <span class='ocr_line' id='line_1_38' title="bbox 101 2690 1748 2758; baseline 0 -16"><span class='ocrx_word' id='word_1_341' title='bbox 101 2693 235 2742; x_wconf 85' lang='lat' dir='ltr'>strum</span> <span class='ocrx_word' id='word_1_342' title='bbox 251 2692 500 2758; x_wconf 81' lang='lat' dir='ltr'>gratulatur,</span> <span class='ocrx_word' id='word_1_343' title='bbox 517 2712 564 2740; x_wconf 92' lang='lat' dir='ltr'>ac</span> <span class='ocrx_word' id='word_1_344' title='bbox 588 2693 773 2757; x_wconf 87' lang='lat' dir='ltr'>denique</span> <span class='ocrx_word' id='word_1_345' title='bbox 796 2691 1032 2740; x_wconf 84' lang='lat' dir='ltr'>exclamat:</span> <span class='ocrx_word' id='word_1_346' title='bbox 1062 2696 1218 2742; x_wconf 83' lang='lat' dir='ltr'>Vtinam</span> <span class='ocrx_word' id='word_1_347' title='bbox 1243 2695 1307 2739; x_wconf 88' lang='lat' dir='ltr'>hoc</span> <span class='ocrx_word' id='word_1_348' title='bbox 1317 2690 1474 2754; x_wconf 57' lang='lat' dir='ltr'>saffram</span> <span class='ocrx_word' id='word_1_349' title='bbox 1491 2693 1631 2758; x_wconf 51' lang='lat' dir='ltr'>ficissit</span> <span class='ocrx_word' id='word_1_350' title='bbox 1660 2711 1748 2743; x_wconf 81' lang='lat' dir='ltr'>ante</span> 
     </span>
     <span class='ocr_line' id='line_1_39' title="bbox 100 2755 1746 2825; baseline 0.001 -19"><span class='ocrx_word' id='word_1_351' title='bbox 100 2777 214 2807; x_wconf 84' lang='lat' dir='ltr'>annos</span> <span class='ocrx_word' id='word_1_352' title='bbox 245 2761 424 2825; x_wconf 66' lang='lat' dir='ltr'>viginti!</span> <span class='ocrx_word' id='word_1_353' title='bbox 438 2763 491 2806; x_wconf 85' lang='lat' dir='ltr'>ita</span> <span class='ocrx_word' id='word_1_354' title='bbox 507 2762 603 2805; x_wconf 82' lang='lat' dir='ltr'>enim</span> <span class='ocrx_word' id='word_1_355' title='bbox 616 2758 918 2822; x_wconf 77' lang='lat' dir='ltr'>cumfi’nioribus</span> <span class='ocrx_word' id='word_1_356' title='bbox 928 2758 1046 2805; x_wconf 63' lang='lat' dir='ltr'>multa</span> <span class='ocrx_word' id='word_1_357' title='bbox 1060 2755 1304 2820; x_wconf 61' lang='lat' dir='ltr'>meliasfhrtE</span> <span class='ocrx_word' id='word_1_358' title='bbox 1317 2774 1501 2824; x_wconf 74' lang='lat' dir='ltr'>ageretur.</span> <span class='ocrx_word' id='word_1_359' title='bbox 1528 2760 1746 2807; x_wconf 70' lang='lat' dir='ltr'>Laudamus</span> 
     </span>
     <span class='ocr_line' id='line_1_40' title="bbox 100 2822 1746 2890; baseline 0.001 -19"><span class='ocrx_word' id='word_1_360' title='bbox 100 2822 394 2890; x_wconf 64' lang='lat' dir='ltr'>benzgm&#39;ffimum</span> <span class='ocrx_word' id='word_1_361' title='bbox 410 2832 551 2884; x_wconf 81' lang='lat' dir='ltr'>Deum,</span> <span class='ocrx_word' id='word_1_362' title='bbox 568 2827 634 2889; x_wconf 74' lang='lat' dir='ltr'>qui</span> <span class='ocrx_word' id='word_1_363' title='bbox 643 2839 713 2889; x_wconf 87' lang='lat' dir='ltr'>per</span> <span class='ocrx_word' id='word_1_364' title='bbox 728 2843 816 2872; x_wconf 68' lang='lat' dir='ltr'>rvos</span> <span class='ocrx_word' id='word_1_365' title='bbox 833 2826 939 2888; x_wconf 67' lang='lat' dir='ltr'>istam</span> <span class='ocrx_word' id='word_1_366' title='bbox 956 2827 1138 2870; x_wconf 84' lang='lat' dir='ltr'>rationem</span> <span class='ocrx_word' id='word_1_367' title='bbox 1153 2843 1220 2871; x_wconf 90' lang='lat' dir='ltr'>nos</span> <span class='ocrx_word' id='word_1_368' title='bbox 1243 2823 1370 2871; x_wconf 75' lang='lat' dir='ltr'>docuit</span> <span class='ocrx_word' id='word_1_369' title='bbox 1387 2845 1398 2869; x_wconf 87' lang='grc'>.-</span> <span class='ocrx_word' id='word_1_370' title='bbox 1418 2844 1466 2871; x_wconf 86' lang='lat' dir='ltr'>ex</span> <span class='ocrx_word' id='word_1_371' title='bbox 1486 2826 1530 2871; x_wconf 64' lang='lat' dir='ltr'>ed</span> <span class='ocrx_word' id='word_1_372' title='bbox 1550 2838 1606 2877; x_wconf 56' lang='grc' dir='ltr'>ξφ</span> <span class='ocrx_word' id='word_1_373' title='bbox 1632 2828 1746 2890; x_wconf 67' lang='lat' dir='ltr'>zpsius</span> 
     </span>
    </p>
   </div>
   <div class='ocr_carea' id='block_1_3' title="bbox 0 2889 1740 2954">
    <p class='ocr_par' dir='ltr' id='par_1_3' title="bbox 0 2889 1740 2954">
     <span class='ocr_line' id='line_1_41' title="bbox 0 2889 1740 2954; baseline 0.001 -18"><span class='ocrx_word' id='word_1_374' title='bbox 0 2894 1 2897; x_wconf 66' lang='grc'>’</span> <span class='ocrx_word' id='word_1_375' title='bbox 54 2945 55 2948; x_wconf 13' lang='lat'>¹</span> <span class='ocrx_word' id='word_1_376' title='bbox 101 2895 186 2937; x_wconf 78' lang='lat' dir='ltr'>‘Dei</span> <span class='ocrx_word' id='word_1_377' title='bbox 199 2892 312 2937; x_wconf 87' lang='lat' dir='ltr'>honor</span> <span class='ocrx_word' id='word_1_378' title='bbox 325 2889 498 2953; x_wconf 51' lang='lat' dir='ltr'>&amp;fidus</span> <span class='ocrx_word' id='word_1_379' title='bbox 512 2893 740 2949; x_wconf 68' lang='lat' dir='ltr'>animarum,</span> <span class='ocrx_word' id='word_1_380' title='bbox 755 2892 835 2935; x_wconf 72' lang='lat' dir='ltr'>evti</span> <span class='ocrx_word' id='word_1_381' title='bbox 851 2889 1007 2953; x_wconf 79' lang='lat' dir='ltr'>confido,</span> <span class='ocrx_word' id='word_1_382' title='bbox 1028 2890 1282 2954; x_wconf 75' lang='lat' dir='ltr'>confi’quetur.</span> <span class='ocrx_word' id='word_1_383' title='bbox 1310 2891 1444 2936; x_wconf 89' lang='lat' dir='ltr'>Anno</span> <span class='ocrx_word' id='word_1_384' title='bbox 1461 2905 1513 2935; x_wconf 87' lang='lat' dir='ltr'>M.</span> <span class='ocrx_word' id='word_1_385' title='bbox 1533 2905 1582 2936; x_wconf 91' lang='lat' dir='ltr'>D.</span> <span class='ocrx_word' id='word_1_386' title='bbox 1600 2905 1688 2938; x_wconf 87' lang='lat' dir='ltr'>LXI</span> <span class='ocrx_word' id='word_1_387' title='bbox 1698 2908 1740 2939; x_wconf 43' lang='lat' dir='ltr'>vi</span> 
     </span>
    </p>
   </div>
   <div class='ocr_carea' id='block_1_4' title="bbox 102 2952 1742 3344">
    <p class='ocr_par' dir='ltr' id='par_1_4' title="bbox 102 2952 1742 3344">
     <span class='ocr_line' id='line_1_42' title="bbox 102 2952 1742 3018; baseline 0.001 -18"><span class='ocrx_word' id='word_1_388' title='bbox 102 2953 378 3002; x_wconf 85' lang='lat' dir='ltr'>Dublinenfis</span> <span class='ocrx_word' id='word_1_389' title='bbox 396 2953 548 3002; x_wconf 73' lang='lat' dir='ltr'>Praeffil</span> <span class='ocrx_word' id='word_1_390' title='bbox 564 2993 577 3013; x_wconf 90' lang='lat'>,</span> <span class='ocrx_word' id='word_1_391' title='bbox 595 2957 659 3001; x_wconf 90' lang='lat' dir='ltr'>vir</span> <span class='ocrx_word' id='word_1_392' title='bbox 675 2953 798 3000; x_wconf 90' lang='lat' dir='ltr'>domi</span> <span class='ocrx_word' id='word_1_393' title='bbox 814 2952 896 3000; x_wconf 83' lang='lat' dir='ltr'>suae</span> <span class='ocrx_word' id='word_1_394' title='bbox 914 2952 1071 3001; x_wconf 88' lang='lat' dir='ltr'>nobilis</span> <span class='ocrx_word' id='word_1_395' title='bbox 1099 2972 1148 3001; x_wconf 85' lang='lat' dir='ltr'>ac</span> <span class='ocrx_word' id='word_1_396' title='bbox 1175 2954 1382 3017; x_wconf 87' lang='lat' dir='ltr'>prudens,</span> <span class='ocrx_word' id='word_1_397' title='bbox 1402 2954 1631 3018; x_wconf 85' lang='lat' dir='ltr'>postquam</span> <span class='ocrx_word' id='word_1_398' title='bbox 1658 2957 1742 3002; x_wconf 92' lang='lat' dir='ltr'>Lo-</span> 
     </span>
     <span class='ocr_line' id='line_1_43' title="bbox 103 3017 1740 3083; baseline 0 -18"><span class='ocrx_word' id='word_1_399' title='bbox 103 3022 214 3082; x_wconf 87' lang='lat' dir='ltr'>uanij</span> <span class='ocrx_word' id='word_1_400' title='bbox 231 3018 345 3082; x_wconf 90' lang='lat' dir='ltr'>apud</span> <span class='ocrx_word' id='word_1_401' title='bbox 361 3038 438 3067; x_wconf 90' lang='lat' dir='ltr'>nos</span> <span class='ocrx_word' id='word_1_402' title='bbox 457 3024 527 3083; x_wconf 88' lang='lat' dir='ltr'>pia</span> <span class='ocrx_word' id='word_1_403' title='bbox 541 3018 628 3065; x_wconf 79' lang='lat' dir='ltr'>haec</span> <span class='ocrx_word' id='word_1_404' title='bbox 644 3017 840 3067; x_wconf 81' lang='lat' dir='ltr'>obiuiffet</span> <span class='ocrx_word' id='word_1_405' title='bbox 852 3021 1071 3076; x_wconf 81' lang='lat' dir='ltr'>Exercitia,</span> <span class='ocrx_word' id='word_1_406' title='bbox 1095 3023 1219 3065; x_wconf 91' lang='lat' dir='ltr'>omni</span> <span class='ocrx_word' id='word_1_407' title='bbox 1236 3019 1378 3067; x_wconf 88' lang='lat' dir='ltr'>studio</span> <span class='ocrx_word' id='word_1_408' title='bbox 1403 3027 1446 3066; x_wconf 65' lang='grc' dir='ltr'>ὃς</span> <span class='ocrx_word' id='word_1_409' title='bbox 1464 3024 1740 3066; x_wconf 88' lang='lat' dir='ltr'>contentione</span> 
     </span>
     <span class='ocr_line' id='line_1_44' title="bbox 102 3083 1741 3148; baseline -0.001 -18"><span class='ocrx_word' id='word_1_410' title='bbox 102 3084 295 3147; x_wconf 86' lang='lat' dir='ltr'>persuafit</span> <span class='ocrx_word' id='word_1_411' title='bbox 306 3085 694 3148; x_wconf 81' lang='lat' dir='ltr'>Stephano,Mariae</span> <span class='ocrx_word' id='word_1_412' title='bbox 712 3087 874 3145; x_wconf 72' lang='lat' dir='ltr'>Stuarte</span> <span class='ocrx_word' id='word_1_413' title='bbox 887 3088 1111 3131; x_wconf 90' lang='lat' dir='ltr'>Scotorum</span> <span class='ocrx_word' id='word_1_414' title='bbox 1126 3087 1293 3148; x_wconf 71' lang='lat' dir='ltr'>Regineg</span> <span class='ocrx_word' id='word_1_415' title='bbox 1309 3083 1363 3132; x_wconf 89' lang='lat' dir='ltr'>ad</span> <span class='ocrx_word' id='word_1_416' title='bbox 1375 3089 1606 3132; x_wconf 85' lang='lat' dir='ltr'>Summum</span> <span class='ocrx_word' id='word_1_417' title='bbox 1627 3087 1741 3129; x_wconf 78' lang='lat' dir='ltr'>Pon-</span> 
     </span>
     <span class='ocr_line' id='line_1_45' title="bbox 104 3146 1738 3215; baseline -0.002 -20"><span class='ocrx_word' id='word_1_418' title='bbox 104 3146 262 3197; x_wconf 86' lang='lat' dir='ltr'>tificem</span> <span class='ocrx_word' id='word_1_419' title='bbox 279 3152 456 3215; x_wconf 80' lang='lat' dir='ltr'>Legato,</span> <span class='ocrx_word' id='word_1_420' title='bbox 474 3168 523 3196; x_wconf 90' lang='lat' dir='ltr'>ex</span> <span class='ocrx_word' id='word_1_421' title='bbox 541 3149 679 3212; x_wconf 65' lang='lat' dir='ltr'>prima</span> <span class='ocrx_word' id='word_1_422' title='bbox 692 3147 931 3210; x_wconf 88' lang='lat' dir='ltr'>nobilitate,</span> <span class='ocrx_word' id='word_1_423' title='bbox 955 3148 1024 3196; x_wconf 88' lang='lat' dir='ltr'>sed</span> <span class='ocrx_word' id='word_1_424' title='bbox 1040 3150 1178 3197; x_wconf 89' lang='lat' dir='ltr'>nescio</span> <span class='ocrx_word' id='word_1_425' title='bbox 1194 3150 1280 3215; x_wconf 59' lang='lat' dir='ltr'>qua</span> <span class='ocrx_word' id='word_1_426' title='bbox 1298 3150 1439 3197; x_wconf 62' lang='lat' dir='ltr'>caussa</span> <span class='ocrx_word' id='word_1_427' title='bbox 1456 3149 1480 3196; x_wconf 64' lang='lat' dir='ltr'>a</span> <span class='ocrx_word' id='word_1_428' title='bbox 1495 3149 1738 3195; x_wconf 85' lang='lat' dir='ltr'>nostrorum</span> 
     </span>
     <span class='ocr_line' id='line_1_46' title="bbox 105 3210 1742 3279; baseline -0.002 -18"><span class='ocrx_word' id='word_1_429' title='bbox 105 3214 406 3262; x_wconf 88' lang='lat' dir='ltr'>consuetudine</span> <span class='ocrx_word' id='word_1_430' title='bbox 418 3215 578 3279; x_wconf 88' lang='lat' dir='ltr'>prorsus</span> <span class='ocrx_word' id='word_1_431' title='bbox 594 3212 839 3261; x_wconf 88' lang='lat' dir='ltr'>abhorrenti</span> <span class='ocrx_word' id='word_1_432' title='bbox 854 3253 867 3276; x_wconf 91' lang='lat'>,</span> <span class='ocrx_word' id='word_1_433' title='bbox 882 3230 927 3263; x_wconf 91' lang='lat' dir='ltr'>vt</span> <span class='ocrx_word' id='word_1_434' title='bbox 941 3221 984 3261; x_wconf 89' lang='lat'>&amp;</span> <span class='ocrx_word' id='word_1_435' title='bbox 1001 3214 1087 3278; x_wconf 89' lang='lat' dir='ltr'>ipse</span> <span class='ocrx_word' id='word_1_436' title='bbox 1102 3212 1545 3263; x_wconf 85' lang='lat' dir='ltr'>commentationibus</span> <span class='ocrx_word' id='word_1_437' title='bbox 1565 3210 1645 3257; x_wconf 86' lang='lat' dir='ltr'>illis</span> <span class='ocrx_word' id='word_1_438' title='bbox 1665 3211 1742 3259; x_wconf 81' lang='lat' dir='ltr'>ali-</span> 
     </span>
     <span class='ocr_line' id='line_1_47' title="bbox 105 3279 1742 3344; baseline -0.002 -19"><span class='ocrx_word' id='word_1_439' title='bbox 105 3281 342 3343; x_wconf 89' lang='lat' dir='ltr'>quantisper</span> <span class='ocrx_word' id='word_1_440' title='bbox 357 3297 531 3329; x_wconf 87' lang='lat' dir='ltr'>vacaret.</span> <span class='ocrx_word' id='word_1_441' title='bbox 569 3283 654 3328; x_wconf 88' lang='lat' dir='ltr'>Vix</span> <span class='ocrx_word' id='word_1_442' title='bbox 679 3280 864 3344; x_wconf 77' lang='lat' dir='ltr'>gustarat</span> <span class='ocrx_word' id='word_1_443' title='bbox 888 3279 1120 3344; x_wconf 82' lang='lat' dir='ltr'>Stephanus</span> <span class='ocrx_word' id='word_1_444' title='bbox 1136 3320 1147 3337; x_wconf 86' lang='lat'>,</span> <span class='ocrx_word' id='word_1_445' title='bbox 1179 3281 1277 3327; x_wconf 74' lang='lat' dir='ltr'>cum</span> <span class='ocrx_word' id='word_1_446' title='bbox 1298 3280 1428 3341; x_wconf 85' lang='lat' dir='ltr'>coepit</span> <span class='ocrx_word' id='word_1_447' title='bbox 1456 3292 1577 3324; x_wconf 86' lang='lat' dir='ltr'>tanto</span> <span class='ocrx_word' id='word_1_448' title='bbox 1606 3281 1742 3323; x_wconf 82' lang='lat' dir='ltr'>animi</span> 
     </span>
    </p>
   </div>
   <div class='ocr_carea' id='block_1_5' title="bbox 106 3341 1743 3411">
    <p class='ocr_par' dir='ltr' id='par_1_5' title="bbox 0 3340 1743 3411">
     <span class='ocr_line' id='line_1_48' title="bbox 106 3341 1743 3411; baseline -0.002 -21.182"><span class='ocrx_word' id='word_1_449' title='bbox 106 3342 260 3394; x_wconf 67' lang='lat' dir='ltr'>affeetu</span> <span class='ocrx_word' id='word_1_450' title='bbox 271 3348 524 3394; x_wconf 86' lang='lat' dir='ltr'>Societatem</span> <span class='ocrx_word' id='word_1_451' title='bbox 536 3345 754 3411; x_wconf 85' lang='lat' dir='ltr'>prosequi,</span> <span class='ocrx_word' id='word_1_452' title='bbox 772 3362 818 3396; x_wconf 89' lang='lat' dir='ltr'>vt</span> <span class='ocrx_word' id='word_1_453' title='bbox 831 3364 879 3392; x_wconf 87' lang='lat' dir='ltr'>ex</span> <span class='ocrx_word' id='word_1_454' title='bbox 897 3345 942 3393; x_wconf 59' lang='lat' dir='ltr'>ea</span> <span class='ocrx_word' id='word_1_455' title='bbox 955 3343 1189 3392; x_wconf 88' lang='lat' dir='ltr'>nonnullos</span> <span class='ocrx_word' id='word_1_456' title='bbox 1213 3341 1499 3394; x_wconf 71' lang='lat' dir='ltr'>ardentissime</span> <span class='ocrx_word' id='word_1_457' title='bbox 1514 3358 1667 3406; x_wconf 88' lang='lat' dir='ltr'>peteret</span> <span class='ocrx_word' id='word_1_458' title='bbox 1683 3342 1743 3387; x_wconf 88' lang='lat' dir='ltr'>se-</span> 
     </span>
    </p>
   </div>
   <div class='ocr_carea' id='block_1_6' title="bbox 879 3414 1742 3476">
    <p class='ocr_par' dir='ltr' id='par_1_6' title="bbox 879 3414 1742 3476">
     <span class='ocr_line' id='line_1_49' title="bbox 879 3414 1742 3476; baseline -0.005 -18"><span class='ocrx_word' id='word_1_459' title='bbox 879 3414 1103 3476; x_wconf 79' lang='lat' dir='ltr'>Ggggg</span> <span class='ocrx_word' id='word_1_460' title='bbox 1641 3423 1742 3454; x_wconf 77' lang='lat' dir='ltr'>eum</span> 
     </span>
    </p>
   </div>
  </div>
 </body>
</html>
