2326 4080
356 924 450 959 Libri
460 933 527 960 ter-

356 977 389 1018 tf}
396 987 413 1008 s

347 1503 443 1539 Libri

344 1553 456 1599 «quarti
465 1566 476 1587 :

567 325 639 367 22
785 309 1035 366 IMAoo
1081 325 1300 368 PRIMI
1340 323 1614 367 sAEcvm
1649 323 1796 367 soc.
1835 324 2002 367 1Esv.

568 405 614 443 ἅ
631 395 831 461 Belgium
849 399 1047 447 nostrum
1067 404 1210 464 primo
1235 400 1379 447 statim
1399 416 1494 446 ortu
1512 396 1682 446 diffusa.
1710 399 1866 464 Qd?
1886 399 2006 464 quod
2024 408 2068 447 δε
2087 403 2132 447 in
2149 401 2219 448 eres⁴

566 477 725 509 tremos
748 463 881 510 Indiae
905 463 1025 522 fines,
1041 465 1303 528 AEtliiopum
1323 469 1497 527 gemina
1516 467 1668 529 Regna
1684 504 1697 524 ‚
1718 468 1926 512 Americae
1948 469 2116 529 ignotas
2144 484 2219 512 an-

565 529 758 590 tiquitati
795 528 1015 577 latiffimas
1046 530 1277 594 peruadens
1310 534 1533 593 regiones,
1565 528 1685 593 quasi
1717 529 1913 576 succensa
1942 530 2039 577 teda'i
2066 528 2219 594 passim

565 591 700 638 obuia
720 611 900 658 quaeque
919 600 1136 659 corripuit,
1149 594 1278 642 nullis
1299 595 1492 644 cohibita
1508 598 1701 642 terminis
1715 635 1728 654 ‚
1748 594 1877 642 nullis
1906 596 2219 658 circumscripta

563 654 795 720 limitibus,
813 659 920 709 vltra
932 662 1087 708 orbem
1101 660 1242 720 suum,
1257 658 1391 706 alium
1407 666 1536 708 etiam
1552 661 1695 724 (quod
1712 677 1864 707 veteres
1881 659 1934 706 de
1951 659 2217 721 Alexandro)

563 740 710 770 mente
730 725 966 789 complexa.
990 730 1152 790 Neque
1178 726 1248 772 hic
1266 727 1453 773 Auecon
1477 726 1551 772 suo
1569 723 1711 772 dissim
1721 724 1784 771 ilis
1799 750 1811 784 3
1828 729 1950 773 cuius
1967 729 2037 774 vix
2052 731 2141 773 nati
2157 728 2216 773 ta—

563 805 640 834 ma
657 787 788 853 longe
813 789 982 857 latetiue
1012 790 1274 856 percrebuit,
1302 798 1346 837 δε
1375 791 1430 840 ab
1458 791 1611 840 Vltima
1637 790 1798 838 Arabia
1826 809 1928 838 cum
1968 792 2216 839 muneribus

563 855 705 918 Reges
728 861 896 902 exciuit.

627 920 708 967 Sed
729 929 771 968 δε
796 924 1022 969 Seruatoris
1051 921 1253 986 exemplo
1284 939 1444 986 magna
1471 923 1560 967 iam
1583 934 1678 966 tum
1695 934 1814 984 agere
1841 923 2023 968 Societas
2049 920 2217 984 didicit,

562 988 714 1033 animo
732 991 897 1034 maiora
913 986 1164 1050 complecti.
1237 991 1436 1048 ui‚Deus
1452 983 1736 1045 immortalis,
1757 984 1953 1032 aduersus
1982 986 2216 1050 haereticos,

561 1050 803 1115 quantique
836 1051 1091 1100 conflictus!
1112 1057 1188 1117 qui
1210 1057 1254 1100 in
1282 1052 1512 1099 erudienda
1535 1055 1783 1109 iuuentute,
1816 1050 2120 1100 confirmandis
2137 1054 2217 1102 ἀοι

559 1116 786 1181 εειῑάίίέᾑαε
812 1116 981 1182 populis
999 1157 1013 1178 ‚
1035 1118 1235 1182 gentibus
1274 1122 1360 1164 CH
1375 1134 1407 1165 R
1426 1134 1443 1164 1
1464 1134 1482 1162 s
1499 1134 1528 1164 T
1543 1134 1573 1163 o
1598 1117 1855 1180 iungendis,
1889 1125 1935 1164 &
1958 1116 2090 1181 quam
2121 1137 2216 1182 per-

559 1186 682 1242 petui
707 1187 856 1247 vtique
886 1198 1085 1230 terrarum
1113 1186 1253 1230 exacti
1273 1182 1458 1230 labores!
1476 1184 1612 1243 Tertij
1629 1182 1799 1228 Libriid
1827 1199 2145 1246 argumentum.
2163 1188 2214 1232 Iri

557 1263 652 1310 quo
677 1248 779 1296 vero
796 1248 965 1312 propius
984 1248 1146 1295 accedis
1164 1248 1218 1295 ad
1236 1251 1291 1294 1ss
1305 1266 1357 1296 sv
1372 1265 1409 1294 M
1420 1284 1434 1308 ,
1451 1247 1478 1294 ὃ
1496 1264 1761 1312 magnorum
1792 1251 1945 1295 aueror
1973 1247 2214 1298 facinorum

557 1310 747 1374 gloriosa
774 1317 983 1360 Societas?
1007 1312 1133 1360 illum
1167 1312 1229 1360 sol
1245 1317 1432 1361 exoriens
1454 1331 1523 1377 per
1549 1331 1670 1378 agros
1686 1312 1892 1378 vrbesque
1918 1317 2024 1360 mira
2051 1314 2215 1378 spee'ta-

557 1375 632 1423 bat
653 1395 852 1442 agentem
869 1417 883 1438 ,
917 1378 1117 1427 occidens
1147 1379 1268 1426 idem
1306 1378 1576 1444 relinquebat
1618 1378 1816 1443 operibus
1844 1378 1980 1427 isdem
2017 1383 2215 1444 quotidie

554 1444 687 1506 prope
707 1443 958 1492 distentum.

625 1511 686 1556 At
712 1513 831 1556 enim
867 1526 1115 1574 numquam
1145 1527 1308 1575 magna
1333 1513 1464 1558 virtus
1505 1507 1591 1556 fine
1621 1508 1787 1556 inuidia
1814 1507 1886 1555 est.
1920 1511 1963 1555 in
1996 1509 2212 1562 insontem

554 1573 615 1619 Ii:
631 1591 649 1621 s
669 1592 693 1623 v
707 1591 746 1621 M
776 1592 938 1639 quanta
950 1573 1171 1622 incubuit!
1197 1580 1383 1640 Sequens
1410 1579 1537 1637 igitur
1554 1574 1678 1622 Liber
1700 1573 2026 1639 tempestatibus
2050 1577 2213 1640 procel-

551 1636 688 1703 liscjue
715 1636 1008 1703 plenissimus,
1036 1639 1231 1705 scopulos
1260 1646 1367 1689 inter
1388 1628 1731 1688 obtrectatorum
1748 1679 1759 1698 ‚
1786 1637 2038 1687 inmidorum
2066 1642 2210 1704 syrtes,

552 1703 874 1753 maledicorum
894 1704 1098 1753 horribile
1114 1721 1328 1766 murmur,
1344 1706 1492 1754 frustra
1517 1705 1811 1754 frendentibus
1840 1705 2035 1753 hostibus
2060 1707 2211 1756 Calui-

551 1772 700 1830 nistis,
720 1771 1054 1837 Lutheranisc'lue
1081 1772 1349 1831 furentibus,
1376 1776 1524 1819 amicis
1551 1772 1665 1819 triste
1692 1771 1962 1833 naufragium
1992 1772 2096 1836 [πρὸ
2124 1775 2212 1822 fora

553 1835 847 1898 nudantibus,
866 1837 1134 1885 incolumem
1153 1842 1254 1885 Deo
1271 1839 1377 1885 duce
1394 1835 1504 1884 sistet
1524 1843 1568 1884 in
1589 1853 1741 1899 portu:
1765 1837 1816 1882 eo
1830 1841 2036 1885 Seruatori
2057 1838 2135 1885 suo
2157 1839 2209 1887 fi-

341 2036 439 2075 Libri

342 2090 445 2136 quinti
454 2101 466 2120 .·

530 1899 707 1949 ἾῃίΙειῃ
734 1908 868 1963 magis
882 1943 895 1964 ,
921 1901 1014 1969 quo
1039 1902 1235 1967 pluribus
1265 1907 1490 1951 exercitam
1513 1901 1703 1964 casibus,
1728 1900 1960 1967 gloriosam
1993 1903 2209 1967 periculis,

553 1957 1060 2025 vulneribus”f0nnosa1n
1075 2007 1089 2028 ,
1107 1969 1278 2031 profuso
1294 1968 1496 2034 sanguine
1520 1968 1734 2016 nobilem.

621 2033 699 2079 Vti
718 2051 862 2081 autern
883 2033 1139 2098 plerumque
1153 2035 1325 2095 accidit,
1341 2051 1389 2083 vt
1407 2053 1564 2098 magna
1580 2038 1712 2084 virtus
1738 2037 1884 2082 vincat
1900 2030 2141 2093 inuidiam3
2162 2043 2208 2084 ἃς

550 2095 599 2145 id
619 2097 809 2163 denique
828 2100 1026 2149 videatur
1043 2099 1316 2160 admirabile,
1333 2100 1456 2165 quod
1471 2118 1612 2165 neque
1628 2103 1796 2147 nutauit
1824 2099 2104 2159 concussum,
2130 2119 2208 2148 nc-

550 2180 639 2227 que
658 2168 807 2212 timuit
834 2182 1166 2230 oppugnatum,
1184 2184 1323 2231 neque
1347 2182 1643 2230 expugnatum
1676 2164 2001 2229 propemodum
2019 2204 2032 2225 ,
2055 2165 2209 2214 exhor-

549 2232 648 2276 ruit:
671 2233 729 2276 ita
748 2235 932 2278 Societas
950 2230 1047 2292 ipfis
1067 2229 1122 2277 ab
1145 2235 1346 2278 aerurnnis
1364 2271 1377 2292 ‚
1402 2230 1522 2296 quasi
1537 2230 1801 2278 fortitudinis
1820 2234 1934 2277 notis
1966 2230 2210 2297 decorisque

549 2295 818 2343 cicatricibus
834 2335 846 2356 ‚
867 2296 1066 2344 excelsior
1081 2301 1124 2343 in
1143 2296 1432 2344 admiratione
1452 2297 1554 2357 esse,
1580 2294 1725 2343 multis
1750 2300 1881 2343 etiam
1912 2299 1956 2342 in
1981 2296 2205 2344 amoribus-

548 2365 694 2424 coepit.
717 2361 826 2408 adeo
845 2378 892 2410 vt
915 2361 1104 2409 dubium
1126 2361 1191 2419 sit,
1212 2362 1339 2409 suane
1360 2363 1485 2410 domi
1511 2364 1647 2426 magis
1665 2360 1802 2423 glori-21
1821 2361 2103 2425 perstrinxerit
2125 2362 2206 2410 ho-

548 2424 682 2472 stium
702 2425 868 2487 oculos,
887 2444 941 2474 an
961 2426 1106 2491 palam
1124 2432 1323 2474 aerumnis
1340 2437 1381 2475 δε
1396 2427 1599 2491 sanguine
1619 2426 1781 2474 rabiem
1795 2431 1976 2490 pauerit.
2058 2430 2204 2475 uintus

546 2494 681 2552 igitur
698 2490 849 2552 Liber,
870 2509 1016 2556 praeter
1033 2492 1289 2540 domesticas
1315 2492 1530 2540 clarorum
1548 2492 1747 2539 doeh-iu&
1773 2500 1816 2539 δεῖ
1836 2494 2081 2538 innocentia
2106 2497 2207 2541 vitaz

549 2558 728 2604 Parrum
746 2562 834 2605 iam
851 2558 939 2607 vita
961 2559 1222 2605 functorum
1236 2558 1399 2619 laude5‚
1418 2558 1590 2621 insuper
1623 2556 1788 2604 decreta
1809 2556 2075 2604 Pontificum
2089 2597 2102 2618 ‚
2120 2561 2204 2605 im-

546 2627 799 2682 munitates,
815 2628 1025 2671 virtutum
1043 2628 1221 2688 praemia
1236 2663 1247 2681 ‚
1274 2623 1468 2671 consulta
1493 2628 1727 2671 Senatuum
1741 2662 1755 2682 ,
1775 2625 2029 2688 Regionum
2058 2631 2102 2670 ὃς
2120 2624 2204 2671 Vr·-

548 2684 675 2734 bium
692 2689 1055 2752 approbationem
1068 2729 1081 2749 ‚
1106 2687 1436 2737 clarissimorum
1464 2705 1564 2735 toto
1578 2689 1683 2736 orbe
1699 2692 1891 2738 virorum
1911 2687 2108 2752 praeclara
2137 2705 2202 2735 re-

547 2751 757 2799 stimonia
774 2754 896 2801 dabit
911 2758 954 2801 in
970 2753 1127 2801 lucem.
1146 2753 1198 2802 eo
1215 2759 1304 2802 iam
1319 2754 1579 2815 aduersariis,
1595 2759 1669 2818 qui
1687 2753 1877 2800 maxime
1894 2754 2079 2800 haeretici
2091 2753 2202 2816 sunt,

545 2816 831 2865 formidolosa
847 2823 1000 2883 magis,
1017 2820 1107 2884 quo
1121 2820 1315 2884 pluribus
1334 2818 2087 2885 Regum,1>1·incipu1n‚gentiumque
2104 2838 2202 2867 mu-

546 2886 642 2929 nita
667 2883 883 2946 praefidiis.
902 2889 953 2932 Et
976 2884 1080 2933 vero
1098 2903 1208 2932 num
1238 2894 1282 2933 &
1308 2890 1352 2933 in
1381 2886 1461 2933 hac
1485 2886 1620 2948 gloria
1654 2888 1712 2930 IE
1731 2902 1751 2930 s
1769 2902 1796 2931 v
1812 2900 1851 2930 M
1877 2885 2026 2932 refert?
2056 2885 2202 2933 Refert-

546 2948 659 3007 sane‚
679 2953 725 2995 ni
743 2948 881 2997 fallor.
903 2951 1008 3014 quid
1021 2954 1157 2999 enirn?
1176 2956 1252 3015 qui
1269 2952 1472 3016 pependit
1490 2952 1512 2999 a
1533 2968 1678 3009 cruce,
1709 2949 1794 3014 qua
1811 2950 1993 2997 demum
2018 2948 2154 3015 gloria
2173 2952 2200 3000 a

547 3011 635 3060 leto
653 3014 867 3062 rediuiuus
881 3020 1071 3063 emicuit!
1090 3020 1166 3080 qui
1180 3032 1408 3081 tamquam
1436 3015 1628 3063 mortalis
1652 3032 1812 3063 naturae
1838 3015 2089 3063 concesserat
2102 3055 2116 3075 ,
2135 3015 2201 3063 su-

546 3097 620 3142 pra
633 3095 833 3127 naturam
858 3080 1114 3128 immortalis
1134 3086 1327 3141 reuertit3
1352 3091 1395 3129 &
1417 3081 1623 3146 gloriosus
1645 3083 1788 3128 vietor
1813 3080 2029 3127 adscendit
2046 3081 2100 3127 ad
2119 3084 2197 3128 Pa-

547 3159 676 3191 trem.>
691 3144 780 3204 ille,
796 3149 1002 3210 inquam,
1019 3150 1099 3210 qui
1115 3151 1317 3193 omnium
1343 3146 1578 3212 aliquando
1598 3146 1696 3211 post
1719 3145 1919 3192 homines
1943 3162 2068 3192 natos
2087 3145 2198 3193 cala-

546 3208 844 3257 mitofiffimus
859 3252 873 3272 ‚
887 3215 930 3257 in
951 3210 1055 3258 caelo
1073 3230 1191 3258 nunc
1215 3217 1429 3259 maximus
1444 3253 1456 3272 ‚
1474 3215 1674 3260 adoratus
1694 3214 1737 3256 in
1757 3215 1871 3257 terris
1888 3249 1900 3268 ‚
1930 3212 2072 3257 inferis
2098 3210 2197 3274 ipfis

546 3274 768 3322 debellatis
780 3275 1104 3323 formidolosus.
1128 3280 1306 3341 Qppe
1322 3281 1387 3325 vti
1406 3281 1572 3326 virtutis
1592 3293 1732 3324 comes
1758 3275 1924 3322 inuidia
1942 3276 2024 3334 est,
2047 3280 2104 3322 ita
2128 3279 2196 3322 in-

545 3340 712 3388 uidiam
730 3342 952 3389 deuictam
973 3341 1161 3408 sequitur
1197 3343 1357 3409 gloria3
1385 3343 1437 3391 eo
1464 3348 1634 3404 maior,
1666 3340 1757 3407 quo
1787 3341 1979 3389 infestior
2003 3340 2075 3388 illa
2103 3359 2195 3404 pre-

545 3405 696 3457 mebat
724 3407 952 3457 ardentius,

2024 3469 2193 3518 Postre-
