2321 4013
575 314 677 362 792
796 309 1064 350 ‘IMAGO
1113 297 2051 345 PRIMISAECVLISOC.1ESV.

572 393 718 448 noxia,
733 405 819 434 rem
834 390 937 433 tanti
963 383 1218 439 moliminisj
1243 379 1366 439 dubij
1393 376 1607 434 successus,
1624 371 1710 421 fine
1726 375 1937 440 exemplo,
1955 374 2039 423 fine
2058 377 2208 426 aufto„

571 457 690 500 ritate
708 453 933 512 susceptam
955 445 1257 509 improbantes.
1299 444 1378 490 Sed
1398 444 1591 489 Reetoris
1610 443 1713 488 vicit
1736 442 1967 488 constantia
1982 481 1993 501 ,
2015 442 2207 492 eamsibi

573 534 759 563 mentem
778 514 982 560 diuinitus
1000 511 1148 556 datam
1168 508 1285 555 haud
1301 501 1431 554 dubie
1446 508 1771 568 interpretantis.
1796 508 1922 569 'Ergo
1939 511 2171 569 impetratis
2183 509 2209 558 ᾖ,

575 577 874 627 Meclilinienli
903 573 1238 637 Archiepiscopo
1261 570 1544 635 quadraginta
1585 569 1752 615 dierum
1773 571 2075 635 IndulgentiiS,
2105 590 2208 637 quas

573 645 835 701 obtinerent,
853 656 1069 704 quotquot
1084 637 1157 685 illo
1176 637 1317 684 triduo
1336 637 1487 682 horam
1514 650 1649 681 totam
1667 634 1721 680 ad
1740 634 1890 697 populi
1914 636 2062 682 scelera
2089 654 2208 685 com-

572 708 788 771 pescenda,
807 707 1028 769 intemplo
1046 703 1190 751 nostro
1216 700 1406 766 precibus
1419 700 1738 764 impenderent,
1767 698 1976 762 publicari
2000 701 2117 748 iubet
2142 704 2209 749 fu..

570 788 709 819 turam
723 772 1030 818 solennitatem.
1071 767 1206 815 Simul
1225 770 1448 830 primarios
1470 765 1584 814 vrbis
1606 773 1651 811 δε
1668 764 1911 811 Academiae
1941 769 2051 813 viros
2081 767 2132 813 ad
2151 768 2211 816 sa-

568 853 683 883 cram
717 832 1065 900 Exomologefim
1096 843 1138 880 δε
1157 835 1359 896 Synaxim
1390 835 1569 889 inuitat,
1589 827 1751 893 populo
1780 828 1934 876 scilicet
1960 835 2005 877 in
2030 850 2209 895 magno-

568 919 664 948 rum
682 901 873 964 exempla
892 905 1055 947 intento
1074 903 1324 963 praeiturOS„
1347 895 1521 943 Salubre
1536 900 1762 941 inuentum
1791 894 2070 942 confirmauit
2085 915 2211 944 enen-

568 981 651 1026 ωε,
676 976 718 1014 &
739 972 882 1013 Deum
897 964 1095 1030 probauit
1108 966 1340 1010 auctorem.
1381 964 1463 1007 Res
1481 960 1637 1022 scripto
1651 959 1854 1022 famaque
1868 978 1936 1024 per
1953 962 2210 1011 vicinaCol·

568 1031 674 1095 legia
689 1072 700 1091 ,
721 1032 821 1078 inde
851 1049 921 1095 per
938 1031 1222 1077 circumiectas
1243 1025 1396 1072 diffusa
1425 1028 1667 1071 Prouincias
1683 1063 1696 1083 ,
1720 1028 2007 1072 imitationem
2031 1033 2204 1091 accepit3

567 1084 707 1143 donec
735 1113 903 1144 morem
935 1095 1157 1156 complexa
1192 1089 1252 1137 est
1283 1090 1474 1139 vniuersa
1505 1093 1688 1136 Societas
1707 1128 1720 1148 ‚
1752 1093 1796 1136 in
1826 1106 2025 1137 venturas
2057 1108 2209 1155 aetates,

569 1161 776 1225 quamdiu
801 1159 927 1207 stabit
955 1159 1065 1221 ipsa,
1091 1155 1432 1220 propagandum.
1471 1158 1523 1201 In
1539 1154 1694 1201 *nostro
1726 1153 1834 1201 certe
1859 1154 2008 1219 Belgio
2033 1155 2110 1204 hac
2128 1161 2211 1206 vna'i
2269 1215 2271 1218 y

571 1226 768 1272 machin-3
796 1241 884 1270 non
916 1222 1182 1268 mediocriter
1209 1221 1511 1268 labefaecatum
1528 1219 1587 1266 est
1613 1218 1765 1266 satana:
1781 1260 1793 1280 ,
1820 1238 1892 1284 per
1924 1239 1996 1267 eos
2026 1226 2213 1273 maxime
2267 1250 2270 1272 ι

556 1290 653 1336 'dies
687 1290 946 1336 dominantis
963 1326 976 1347 ‚
994 1289 1242 1349 imperium.
1283 1284 1443 1332 Credas
1459 1303 1549 1333 non
1575 1284 1880 1345 Bacchanalia,
1904 1285 1972 1333 sed
1999 1287 2211 1338 paschalia

377 2417 531 2449 stationes

374 2463 530 2507 ‘Y‘affiom's

376 2511 524 2545 Cuaxsr
532 2522 555 2544 1.

568 1352 774 1401 celebrari:
802 1369 937 1400 tantus
952 1353 1112 1416 templa
1131 1362 1174 1399 δε
1191 1357 1457 1399 Sacramenta
1485 1351 1848 1415 frequentantium
1871 1369 2083 1399 numerus.
2108 1356 2210 1403 Vno

568 1435 758 1483 tempore
777 1418 902 1482 supra
933 1436 1101 1475 49400.
1122 1420 1231 1464 intra
1256 1420 1494 1464 Prouinciae
1521 1416 1674 1463 nostrae
1692 1413 1794 1462 fines
1819 1415 1932 1464 sacro
1955 1415 2086 1481 epulo
2111 1420 2211 1466 refe-

568 1487 639 1530 Cti.
678 1488 826 1530 Praeter
853 1482 1095 1547 oppidanos
1126 1487 1257 1529 etiam
1299 1481 1498 1529 rusticani
1541 1480 1733 1545 vndique
1773 1498 2063 1543 concurrunt,
2093 1497 2214 1533 tanto
2267 1542 2269 1551 .

565 1553 729 1612 pietatis
761 1551 933 1609 ardore,
960 1565 1006 1597 vt
1037 1565 1128 1595 non
1156 1547 1351 1595 distanti-li
1379 1544 1659 1610 molestiaque
1686 1549 1852 1593 viarum
1870 1586 1884 1606 ‚
1913 1550 1959 1593 in
1998 1566 2103 1613 quas
2127 1567 2213 1599 nox

567 1628 656 1661 tota
675 1614 820 1661 multis
839 1614 1117 1677 impenditur,
1136 1632 1224 1661 non
1239 1611 1431 1676 asperitas
1450 1611 1603 1658 hiemis
1621 1628 1892 1674 quemquam
1908 1611 2125 1661 deterrear.
2161 1619 2212 1664 In

567 1697 700 1727 vnam
731 1680 837 1744 saepe
866 1679 1016 1728 vrbem
1048 1678 1102 1725 ad
1131 1683 1322 1743 quinque
1356 1678 1667 1725 rusticanorum
1695 1676 1833 1725 millia
1860 1682 2076 1726 contracta
2095 1680 2210 1729 sunt:

567 1743 724 1808 quibus
740 1762 804 1792 tot
829 1745 1047 1808 expiandis
1068 1744 1165 1791 cnm
1184 1742 1313 1791 lonc&
1333 1747 1515 1807 impares
1537 1741 1729 1801 essemuS,
1748 1744 2026 1791 annuendum
2039 1745 2120 1792 fuit
2141 1746 2213 1793 ›so-

568 1813 666 1866 ciis,
694 1811 851 1876 aliique
870 1808 1056 1858 Ordines
1077 1807 1247 1873 Religio
1269 1829 1281 1857 1
1301 1813 1343 1855 in
1367 1807 1576 1856 auxilium
1599 1805 1800 1867 vocandi,
1818 1808 1870 1855 ad
1889 1810 2078 1873 quorum
2107 1826 2215 1857 tem-

567 1873 638 1938 pla
654 1880 876 1923 turmatim
895 1893 1074 1939 magnos
1094 1878 1396 1937 poenitentium
1426 1888 1567 1938 greges
1596 1871 1802 1920 deducere
1827 1872 2043 1927 solemus„
2071 1876 2143 1922 Ne
2158 1871 2215 1924 fic

566 1939 744 2003 quidem
763 1941 856 1988 satis
875 1938 1141 1987 multitudini
1157 1940 1317 2005 semper
1328 1937 1777 1990 faetumssimidiato
1801 1942 1890 1986 iam
1910 1939 1980 1986 die
2005 1939 2214 1989 restabant

567 2006 769 2061 audiendi
787 2005 929 2066 multi,
947 2009 1144 2069 quamuis
1160 2013 1230 2070 per'
1242 2007 1344 2070 ipsas
1362 2007 1467 2052 oeco
1484 2003 1607 2051 horas
1625 2002 1844 2051 tentassent
1869 2005 2036 2052 aditum
2061 2006 2114 2052 ad
2141 2010 2212 2053 Sa-

568 2072 782 2120 cerdotem
796 2109 808 2131 ,
828 2075 1055 2136 prementis
1078 2072 1211 2119 turbae
1236 2080 1278 2120 vi
1304 2069 1466 2132 semper
1488 2067 1656 2117 exclusi.
1697 2069 1912 2132 Lepidum
1930 2069 2051 2135 quod
2069 2071 2212 2120 Alosti

569 2140 770 2202 contigit,
790 2139 890 2185 vrbe
906 2152 995 2183 non
1014 2138 1185 2200 magna,
1201 2155 1291 2201 quo
1323 2134 1510 2201 primum
1540 2152 1656 2181 aimo
1679 2134 1879 2182 institutae
1901 2152 2053 2200 preces.
2094 2140 2212 2183 Cau-

569 2219 737 2264 ponnm
756 2202 861 2250 Vnus
888 2200 1041 2265 aliquis
1061 2201 1113 2248 de
1129 2207 1250 2267 graui
1268 2203 1432 2249 damno
1459 2200 1650 2247 aduersus
1674 2218 1753 2246 nos
1781 2201 1952 2264 questus
1979 2201 2039 2248 est
2055 2238 2067 2260 ‚
2088 2200 2213 2249 nullo

570 2284 642 2329 per
657 2286 724 2314 eos
747 2266 833 2314 dies
851 2269 874 2315 a
893 2270 1220 2331 compotoribus
1238 2266 1445 2314 exhausto
1460 2265 1567 2327 vase,
1581 2264 1680 2312 esim
1691 2268 1848 2331 viginti
1865 2282 2050 2331 quatuor
2064 2265 2213 2314 efflue-

569 2347 614 2378 re
637 2332 910 2380 consuessent.

641 2401 744 2444 Sunt
760 2406 803 2445 ὃς
822 2397 903 2444 alia
927 2399 1113 2446 instituta
1129 2401 1214 2462 pia,
1228 2400 1271 2443 in
1297 2395 1453 2462 quibus
1478 2413 1566 2444 non
1584 2395 1760 2460 segniter
1781 2393 1998 2442 desudauit
2033 2398 2214 2445 Societa-

574 2464 623 2507 tis
641 2459 783 2509 labor:
807 2482 897 2527 quo
920 2482 967 2509 ex
982 2481 1128 2527 genere
1145 2462 1238 2510 sunt
1251 2467 1457 2510 Stationes
1473 2479 1576 2526 quas
1586 2478 1742 2509 vocant
1759 2465 1982 2509 CHRISTI
2003 2467 2212 2524 patientis:

574 2543 677 2572 nam
697 2529 748 2573 de
765 2528 925 2575 moestae
942 2531 1128 2593 Virginis
1141 2532 1225 2574 iam
1244 2528 1364 2593 supra
1383 2543 1672 2575 memoratum
1697 2525 1778 2573 est.
1799 2525 1895 2574 Illas
1924 2525 2121 2574 Gandaui
2143 2532 2216 2575 Sa-

575 2591 719 2638 cerdos
737 2593 873 2640 noster
905 2593 1086 2641 instituit
1109 2594 1196 2640 totfi
1222 2590 1412 2641 Flandria
1430 2596 1600 2657 primas,
1646 2591 1903 2656 Exemplum
1924 2595 2099 2638 imitatae
2121 2591 2215 2640 sunt

577 2655 741 2714 Insulae,
756 2656 1024 2717 Valencenae,
1041 2658 1316 2719 Atrebatum,
1329 2658 1532 2706 Bethunae
1546 2698 1558 2717 ‚
1574 2659 1852 2704 Tornacum:
1882 2660 2007 2705 variis
2025 2658 2218 2720 praeterea.

576 2715 681 2764 locis
698 2725 921 2781 ereximus,
935 2722 1117 2782 Olsenae,
1138 2724 1348 2784 Exaerdae,
1370 2722 1523 2781 Alosti‚
1543 2721 1804 2770 Hondiscoti
1819 2758 1833 2783 ,
1850 2720 2054 2769 Bruxellis
2080 2727 2124 2770 in
2146 2727 2218 2770 Sa-

577 2781 750 2830 bulone.
779 2784 1127 2848 VbiquefrquS
1148 2792 1310 2851 pietatis
1326 2793 1490 2854 ingens,
1507 2786 1677 2853 qualem
1704 2786 1822 2835 nulla
1841 2786 1990 2834 senum
2010 2804 2105 2835 atras
2135 2804 2217 2852 po-

377 2852 562 2886 sanrlorum
578 2847 655 2893 test
674 2850 922 2896 meminisse.
964 2851 1086 2913 Qd
1103 2855 1355 2900 Sanctorum
1376 2855 1518 2901 dicam
1536 2852 1722 2912 cultum,
1752 2851 1956 2900 haereticis
1986 2851 2218 2916 capitaliter

378 2905 482 2934 cultus
505 2913 562 2934 ex-

378 2958 503 2982 stratus.

580 2914 770 2974 exosum,
793 2914 933 2962 nostr&
951 2919 995 2960 in
1014 2920 1161 2979 primis
1189 2919 1317 2981 oper-si
1346 2936 1439 2966 toto
1471 2917 1621 2982 Belgio
1648 2916 1903 2966 refloruisse?
1931 2920 2009 2963 ‘De
2034 2921 2214 2982 Virgine
2279 2958 2284 2963 .

578 2979 831 3041 Deiparenrc
856 2983 942 3025 iam
973 2981 1068 3027 ante
1101 2981 1364 3031 insinuatum
1392 2984 1465 3032 est.
1503 2983 1583 3031 Sed
1612 2983 1767 3047 sponso
1798 2986 1988 3047 Virginis
2020 2982 2215 3046 Iosepho,

576 3059 725 3104 praeter
742 3047 859 3091 varia
875 3044 1091 3105 Sodalitia‚
1117 3052 1243 3093 etiam
1264 3067 1350 3094 aras
1368 3047 1585 3112 &templa
1599 3048 1838 3112 posuimus;
1856 3045 2058 3112 diemque
2080 3047 2218 3111 ipsum

575 3124 666 3153 non
683 3107 767 3155 vna
784 3112 827 3155 in
846 3107 948 3155 vrbe
966 3109 1114 3172 populi
1132 3115 1257 3171 pietas
1272 3113 1496 3161 festiuitate
1513 3113 1705 3160 donauit.
1725 3111 1971 3161 Tutelarem
1998 3109 2216 3177 Angelum

575 3171 803 3220 solenniter
835 3172 952 3236 apud
976 3192 1054 3219 nos
1080 3174 1227 3222 colunt
1258 3180 1528 3225 Cortraceni:
1561 3177 1763 3226 Gandaui
1790 3177 1928 3238 Rosa,
1974 3176 2216 3225 Gulielmus

575 3237 1165 3302 Antuerpiae,Winocibergis
1187 3243 1409 3301 Geruntia,
1423 3246 1678 3290 Sanctorum
1697 3241 1765 3303 alij
1789 3241 1876 3290 aliis
1901 3242 2005 3290 locis
2017 3281 2031 3303 ,
2049 3261 2119 3307 per
2137 3259 2218 3290 nos

574 3300 700 3347 suum
717 3319 908 3366 accepere
932 3302 1111 3351 cultum.
1144 3307 1193 3350 In
1211 3309 1355 3369 primis
1374 3307 1474 3354 verd
1498 3308 1615 3355 sacris
1633 3310 1856 3354 Diuorum
1874 3309 2061 3371 Lipsanis
2076 3311 2216 3356 conci-

574 3363 674 3413 liata
687 3365 747 3413 est
763 3372 993 3431 veneratiO,
1016 3366 1205 3435 itemque
1223 3375 1340 3436 agnis
1358 3376 1479 3420 cereis
1496 3375 1690 3423 Romani
1702 3370 1922 3420 Pontificis
1952 3372 2216 3422 benedietio-
2258 3396 2261 3411 ι

2162 3449 2217 3484 ne
