2321 4013
241 323 408 365 -LIBER
441 318 661 364 SEXTVS·
710 322 980 364 SOCIETAS
1021 318 1582 365 FLANDRO-BELGICA.
1675 324 1776 379 805

124 395 202 447 ino
215 397 486 462 octogesimo
511 397 624 445 sexto
646 398 885 462 Septembri
902 398 1042 447 mense
1056 432 1069 456 ,
1099 415 1228 462 atque
1257 403 1301 446 in
1319 399 1452 447 castra
1467 403 1605 465 Regia
1621 402 1674 448 ad
1692 407 1778 449 Or·
1803 421 1927 455 Thema

128 465 260 512 soiam
288 462 452 511 delatus
471 502 482 522 ,
515 463 717 510 eamdem
736 464 906 512 exhibet
924 463 1138 512 Parmensi
1157 468 1286 513 Duci.
1304 469 1395 530 qui,
1409 466 1641 530 postquam
1664 464 1777 531 legit,
1803 472 1897 515 5121'33‘
1906 470 1967 503 ⁶0!-

127 547 335 594 magnum
356 533 467 576 Patri
484 529 696 576 honorem
715 529 907 588 liabet,&
925 530 1193 595 aliquamdiu
1208 548 1309 578 cum
1324 550 1375 579 eo
1391 549 1436 578 in
1448 535 1640 580 virorum
1658 536 1777 580 Prin—
1799 519 1986 598 ζζῗᾋῖε

63 623 70 629 ·
127 599 274 660 cipum
292 595 452 642 coron-3
469 592 702 642 collocutus
721 599 763 642 in
793 599 964 645 interius
986 596 1191 644 conclaue
1207 596 1360 644 secedit
1374 637 1385 656 ,
1405 595 1690 645 intellecturus
1715 618 1780 647 ar-
1802 616 1969 657 Parmcnfi.

127 679 245 720 cana,
265 678 361 724 quae
379 664 472 708 Rex
497 659 681 724 intelligi
698 659 873 709 volebat
895 680 944 708 ex
973 661 1131 708 Saillio.
1160 662 1209 708 Id
1235 661 1313 709 vbi
1328 663 1511 724 facium,
1527 665 1579 710 ad
1596 662 1781 728 singula-

127 742 215 773 rem
233 725 447 773 honorem
468 725 667 789 adiungit
683 729 786 773 Dux
802 726 1105 773 incredibilem
1118 726 1530 787 beneuolentiam,&
1545 728 1781 794 aliquando

125 796 268 839 virum
296 792 369 839 abs
388 791 427 837 se
445 790 558 839 abire
580 795 799 856 permittit.
842 791 1005 839 Saillius
1032 795 1149 838 Duci
1174 791 1439 839 satisfaerum
1468 798 1780 858 interpretatus,

124 856 180 904 ad
198 854 331 920 Belgij
357 857 674 904 Prouincialem
692 860 766 903 iter
785 861 946 921 arripit,
965 866 1008 904 δε
1025 854 1266 903 Meur-fium
1286 856 1581 920 proficiscitur,
1596 860 1781 910 natalem

126 922 190 969 ibi
205 925 404 986 Deipatae
420 926 613 988 Virginis
638 925 806 969 acturus
825 922 958 970 diem.
991 925 1052 970 At
1077 921 1294 970 Parmenfi
1315 941 1434 969 mens
1454 940 1655 982 erat,eum
1676 945 1781 974 con·

125 987 304 1036 scientiae
319 988 399 1035 suae
417 989 624 1036 arbitrum
650 992 836 1035 retinere.
877 991 1023 1054 Itaque
1039 987 1273 1052 Peruigilio
1289 988 1523 1035 festiuitatis
1541 994 1779 1053 expiaturus

125 1052 176 1100 de
194 1071 315 1101 more
332 1058 465 1100 animi
478 1073 626 1114 noxas,
650 1058 794 1101 vocari
817 1054 869 1102 ad
887 1054 926 1101 se
947 1055 1065 1104 iubet
1084 1058 1256 1102 Patrem
1269 1054 1514 1102 Thomami
1556 1061 1781 1120 Qseritur
1805 1059 1991 1095 Dim-Sall..

125 1123 225 1167 totis
243 1119 384 1167 castris
403 1120 628 1177 Thomas3
657 1138 703 1165 ac
721 1121 895 1166 tandem
915 1124 1131 1167 inuenitur
1154 1119 1309 1182 aliquis
1333 1124 1579 1167 eonomine
1592 1140 1640 1168 ex
1658 1126 1778 1169 Fran-
1806 1112 1883 1192 &zm
1901 1123 1992 1144 ww

125 1185 284 1233 ciscanfi
302 1184 492 1245 Familia,
511 1195 554 1232 &
582 1184 737 1232 fistitur
754 1188 884 1232 Duci.
905 1188 1007 1233 Dux
1032 1203 1169 1233 errore
1184 1184 1391 1245 offensus,
1408 1184 1542 1233 alium
1564 1185 1616 1232 de
1641 1192 1784 1234 Socie-
1824 1183 1830 1190 ’
1862 1185 1870 1201 ’

125 1267 210 1298 tate
235 1255 338 1300 IESV
368 1251 522 1299 adduci
546 1256 743 1315 imperat.
779 1254 841 1298 Fit
869 1250 1003 1316 longa
1031 1251 1276 1316 inquisitio,
1296 1259 1339 1299 δε
1358 1251 1484 1299 festus
1505 1255 1676 1299 interim
1697 1255 1784 1300 dies

125 1314 340 1376 illucescit,
361 1335 451 1381 quo
462 1318 620 1365 sacram
640 1320 845 1381 Synaxim
860 1316 1021 1364 sumere
1044 1317 1330 1365 constitutum
1357 1314 1559 1376 habebat,
1579 1314 1609 1362 fi
1634 1318 1786 1367 adeffet

124 1382 304 1431 Saillius.
346 1386 394 1429 In
412 1382 506 1431 loca
520 1383 714 1446 vndique
727 1385 870 1430 vicina
887 1381 1044 1431 dimiffi
1061 1382 1244 1430 cursores
1261 1382 1492 1430 Thomam
1504 1380 1786 1445 venabantur,

127 1456 170 1495 &
190 1448 399 1497 inclinato
422 1453 508 1497 iam
536 1449 605 1496 die
623 1466 730 1496 vnus
760 1447 909 1513 aliquis
940 1448 1182 1496 Meurfium
1206 1453 1426 1512 peruenit,
1457 1452 1583 1495 tertio
1600 1449 1623 1495 a
1645 1451 1784 1498 castris

123 1512 278 1579 lapide.
319 1513 466 1562 Stabat
491 1513 659 1562 Saillius
683 1530 780 1560 ante
814 1514 989 1578 hospitis
1016 1513 1077 1561 sui
1097 1515 1206 1562 fores
1225 1519 1300 1561 iter
1318 1513 1517 1578 prosequi
1541 1514 1783 1574 meditatus,

124 1578 225 1628 cum
243 1580 384 1628 cursor
411 1580 536 1628 illum
551 1579 778 1645 agotessuS,
795 1582 888 1640 Tu,
901 1583 1058 1645 inquit,
1075 1579 1144 1627 ille
1163 1598 1204 1626 es
1221 1598 1351 1644 quem
1369 1596 1531 1644 quaero3
1551 1582 1787 1628 conscende

122 1645 241 1694 hunc
256 1664 420 1710 equum
441 1620 814 1694 serToristac11111n
833 1645 920 1692 fine
944 1647 1090 1704 mora3
1105 1649 1209 1692 Dux
1226 1662 1266 1691 te
1282 1643 1392 1704 vult,
1413 1663 1543 1708 quem
1559 1645 1630 1692 tui}
1647 1646 1786 1694 caussa

56 1749 66 1764 .
123 1711 422 1759 nobisiratum
449 1711 610 1776 placare
634 1711 796 1758 festina.
822 1712 913 1758 Hic
932 1715 1070 1776 magis
1091 1714 1236 1758 mirari
1260 1709 1442 1768 SailliuS,
1463 1718 1507 1757 δε
1524 1727 1668 1757 tamen
1683 1729 1789 1757 con-

122 1777 265 1825 scenso
284 1795 398 1842 equo
422 1780 466 1824 in
497 1777 629 1824 castra
648 1794 882 1839 properare.
925 1777 1006 1822 Sed
1031 1781 1119 1823 iam
1139 1793 1225 1823 nox
1253 1773 1483 1822 abstulerat
1509 1774 1789 1840 colloquendi

123 1861 226 1891 cum
245 1846 368 1888 Duce
379 1840 626 1890 facultatem
643 1860 653 1888 :
672 1840 956 1888 nihilominus
979 1841 1034 1890 ab
1057 1845 1326 1890 Oeconomo
1343 1839 1574 1906 magnifice
1591 1858 1788 1904 acceptus

125 1908 198 1956 est.
230 1907 427 1956 Vixdum
443 1907 731 1967 illucescebat,
747 1907 848 1956 cum
864 1911 968 1954 Dux
981 1906 1094 1955 vltro
1118 1907 1171 1954 ad
1189 1910 1358 1953 Patrem
1386 1905 1585 1953 accedens
1601 1945 1614 1967 ,
1639 1916 1681 1955 ὃς
1696 1927 1789 1955 ma-

124 1992 185 2022 nu
203 1972 432 2023 scabellum
458 1974 642 2022 &vicino
656 1991 918 2038 promonens
931 2012 946 2034 ,
963 1973 1054 2020 Hic
1070 1972 1183 2033 sede,
1205 1975 1366 2036 inquit,
1398 1975 1461 2018 mi
1477 1975 1614 2032 Pater,
1634 1982 1677 2021 ὃς
1695 1992 1788 2035 poe-
1814 1965 1999 2034 affinem,

123 2035 332 2088 nitenteni
354 2057 423 2086 me
439 2039 554 2086 audi.
584 2043 644 2087 Ex
662 2037 736 2087 illo
754 2037 921 2088 Saillius
940 2039 1040 2085 dare
1056 2056 1172 2086 aures
1190 2036 1433 2086 constanter
1452 2042 1640 2101 perrexit,
1658 2040 1788 2103 vsque
1803 2015 1938 2110 {122}er
1941 2027 1971 2047 m

125 2107 232 2153 dum
251 2106 372 2152 tertia
390 2109 433 2152 in
454 2105 601 2154 Gallos
629 2107 904 2168 expeditione
925 2121 1162 2153 extremam
1187 2106 1322 2151 Ducis
1351 2107 1572 2151 morientis
1592 2109 1786 2153 animam

125 2169 225 2238 legit
244 2175 287 2218 in
302 2170 539 2220 Vedastino
565 2171 682 2236 apud
700 2170 940 2219 Atrebates.

192 2239 321 2285 Hisce
348 2241 565 2303 principiis
592 2241 809 2301 originem
838 2237 962 2293 duxit
984 2231 1217 2283 Castrensis
1241 2231 1418 2295 Misfio,
1449 2235 1670 2285 occasione
1695 2250 1785 2283 non
1813 2233 1910 2279 02'1000
1957 2281 1974 2297 ,-

128 2304 303 2369 τηειὲηᾶ,
323 2321 461 2368 neque
488 2320 582 2351 tum
600 2303 779 2362 intenta,
797 2319 843 2351 vt
859 2303 940 2349 fere
957 2300 1177 2348 consueuit
1190 2340 1203 2360 ,
1219 2300 1321 2347 cum
1337 2302 1499 2365 grande
1515 2300 1678 2368 aliquid
1693 2321 1789 2349 mo-
1810 2280 1983 2325 Mzffiotm

128 2367 228 2417 litut
249 2373 382 2429 Deus,
401 2373 518 2416 cuius
537 2369 622 2432 ipse
637 2369 884 2416 manifestus
902 2370 1052 2415 auetor
1067 2366 1199 2415 videri
1218 2365 1327 2424 vult,
1344 2383 1396 2412 ne
1420 2367 1620 2416 humanis
1639 2385 1790 2431 procu-

129 2451 271 2482 ratum
291 2433 476 2482 consiliis
492 2454 539 2482 ac
555 2432 859 2484 molitionibus
879 2433 1045 2482 fortasse
1062 2432 1265 2479 credatur.
1296 2436 1468 2481 Etenim
1490 2432 1656 2481 Saillius
1676 2434 1792 2497 apud

129 2503 302 2548 Ducem
329 2500 480 2547 liaerere
506 2500 631 2547 iussus
648 2541 660 2560 ,
684 2519 763 2564 pro
780 2499 860 2548 zeli
878 2499 938 2547 sui
958 2497 1247 2562 amplitudine
1268 2502 1397 2545 etiam
1413 2499 1466 2547 ad
1489 2497 1647 2547 milites
1664 2499 1792 2546 semet

130 2559 338 2614 ex'tendit:
370 2585 416 2613 ac
435 2566 556 2613 breui
585 2567 753 2613 factum
768 2606 781 2626 ,
799 2584 845 2615 vt
868 2570 968 2614 totis
990 2564 1127 2612 castris
1156 2561 1390 2611 celebratus
1423 2582 1682 2630 expeteretur
1700 2564 1791 2628 pas-

130 2630 210 2681 fim
227 2633 282 2681 ab
300 2632 532 2687 omnibus:
562 2633 615 2679 ad
631 2651 745 2694 quos.
760 2649 908 2679 tamen
932 2635 1166 2696 pertingere
1190 2647 1297 2678 vnus
1318 2649 1408 2678 non
1431 2648 1610 2695 pote-rat,
1639 2647 1792 2695 quam-

132 2701 197 2745 uis
214 2697 355 2762 seipse
384 2699 516 2762 quam
536 2696 734 2745 latissime
758 2697 997 2762 explicaret.
1037 2700 1187 2760 Itaque
1207 2695 1259 2742 de
1281 2695 1403 2744 sociis
1420 2700 1464 2744 in
1490 2696 1698 2745 auxilium
1714 2715 1794 2745 vo-

132 2764 279 2813 candis
299 2766 367 2828 agi
398 2780 612 2826 coeptum,
633 2767 756 2811 Duce
779 2782 868 2811 non
887 2762 1026 2811 solum
1048 2760 1280 2827 probante,
1299 2762 1369 2808 sed
1385 2766 1512 2812 etiam
1531 2763 1793 2812 hortante&

133 2829 391 2895 impellente.
431 2827 565 2876 Sensit
590 2845 685 2876 tum
704 2829 884 2877 demum
905 2828 1128 2892 egestatem
1154 2826 1273 2875 suam
1302 2830 1549 2891 Prouincia,
1564 2833 1792 2878 Sociorum

133 2912 319 2944 numero
343 2894 678 2959 haudquaquam
706 2910 950 2960 exaequante
969 2910 1072 2942 vota
1098 2891 1434 2959 necessitatesque
1452 2899 1693 2954 ciuitatum,
1718 2912 1791 2941 ne-

135 2960 245 3009 dum
260 2959 492 3009 sufficiente
510 2959 710 3008 Miffioni
736 2980 876 3008 nouae.
914 2958 1063 3007 Valuit
1079 2975 1225 3007 tamen
1244 2964 1351 3006 ratio
1373 2965 1547 3008 maioris
1568 2962 1691 3010 boni.
1731 2963 1791 3007 Ex

136 3031 260 3086 variis
278 3025 488 3091 Collegiis
507 3030 707 3091 praecipui
726 3030 858 3074 Patres
878 3026 1040 3083 educti,
1067 3043 1177 3090 quos
1194 3024 1389 3073 iuuando
1404 3025 1530 3074 militi
1542 3031 1690 3092 petitia
1706 3024 1790 3072 lin-

137 3109 338 3155 guarum,
355 3100 398 3139 δε
415 3090 678 3138 exantlandis
693 3091 915 3139 'laboribus
937 3091 1067 3140 robur
1090 3093 1226 3137 animi
1247 3090 1362 3138 iuxta
1391 3111 1439 3140 ac
1455 3096 1640 3157 corporis
1659 3090 1795 3136 dista-

139 3156 212 3207 bat
227 3159 429 3207 idoneOS.
450 3158 698 3205 Duodecim
724 3157 963 3205 Sacerdotes
995 3157 1099 3204 dati:
1129 3156 1312 3204 totidem
1333 3157 1542 3204 adiutores
1559 3174 1649 3218 pars
1661 3155 1797 3201 nostri

137 3224 305 3280 fratres,
341 3241 434 3288 pars
462 3226 633 3270 iuuenes
663 3223 833 3272 honesti
859 3226 1076 3271 Societatis
1100 3222 1253 3270 nostrae
1279 3222 1507 3270 candidati.
1547 3225 1715 3273 Omnes
1730 3223 1788 3275 lin

141 3288 258 3337 suam
279 3287 489 3336 familiam
510 3289 686 3336 adscinit
704 3292 822 3349 Dux,
841 3297 885 3337 δε
900 3307 976 3354 pto
991 3289 1234 3337 domesticis
1255 3288 1405 3336 habuit
1418 3285 1701 3351 aliquamdiu:
1718 3286 1800 3332 do-

143 3371 220 3407 nec
237 3360 280 3402 in
299 3372 431 3402 omne
447 3370 614 3418 tempus
640 3352 1044 3414 Miffionemillam,
1067 3357 1183 3402 cuius
1209 3350 1538 3405 frueruofiffima
1553 3368 1639 3398 erat·
1653 3356 1796 3413 opera,

142 3419 400 3481 firmaturus,
418 3421 590 3467 Parrum
613 3423 793 3468 nomina
811 3419 926 3469 libris
957 3423 1101 3484 Regiis
1131 3419 1302 3467 inscribi
1320 3416 1463 3467 voluit
1489 3418 1544 3466 ad
1569 3418 1801 3465 militarem

1037 3487 1174 3532 liiii
1212 3501 1227 3541 3
1605 3481 1808 3544 modum·²

1818 2949 1930 2994 Aszffio
1948 2952 2005 2982 ine

1836 3008 1972 3032 nullu?-
