2321 4013
334 2110 443 2143 Patres
467 2117 519 2141 ea*-

331 2158 501 2202 pelluntur,

335 3004 510 3046 sterbli-

338 3063 421 3090 niam
431 3057 520 3088 deue-

336 3103 468 3142 huntur.

558 271 653 320 838
802 266 1049 311 IMAGO
1094 262 1299 307 PRIMI
1354 259 1622 302 SAECVLI
1667 257 1814 301 SOC.
1855 259 2016 302 IESV.

552 352 787 411 perrumpit
811 347 952 409 ipsum
970 358 1125 406 agmen
1145 337 1377 402 intrepidus
1393 361 1403 394 ·,
1421 345 1464 383 &
1486 334 1591 382 elata
1602 352 1726 394 voce,
1752 340 1874 399 Qae
1887 349 2118 394 tantarum,
2132 339 2198 385 im
2251 345 2253 393 ξ

554 416 649 473 quit
666 450 679 471 ,
696 417 805 470 viri,
832 409 964 455 causs'a
997 404 1246 452 turbarum?
1276 421 1327 449 an
1360 404 1560 464 ignoratis
1586 403 1708 446 tertio
1734 398 1892 446 abhinc
1909 397 1976 445 die
1994 403 2198 464 Supremo
2252 432 2254 462 ς

556 480 724 522 Senatui
752 476 775 521 a
803 472 927 519 nobis
955 470 1243 517 iatisfadtum?
1273 466 1381 530 quid
1397 464 1506 513 vltra
1533 468 1715 528 petitur?
1746 462 1777 510 si
1801 465 1944 513 nostra
1970 483 2044 511 vos
2061 464 2198 516 turbat

553 541 701 602 praesen
710 543 780 596 tia,
798 533 975 583 libenter
992 534 1071 580 hac
1083 532 1186 581 vrbe
1203 531 1457 590 carebimus,
1482 545 1529 577 vt
1546 527 1632 575 fine
1656 526 1782 575 nobis
1799 547 1893 575 eam
1912 547 1988 577 vos
2007 547 2198 593 pacatam
2253 543 2256 579 ζ

544 604 751 650 habeatis,
797 601 874 648 Sed
893 618 950 645 res
965 603 1090 646 vnica
1104 597 1276 645 abituris
1293 596 1352 643 est
1364 614 1487 659 opus,
1507 593 1804 641 testimonium
1829 593 2079 641 Archiducis
2100 598 2199 645 Ma·
2254 633 2257 646 1

2314 331 2321 351 11

552 666 650 712 thiae
664 704 678 724 ,
699 684 787 730 quo
805 662 1149 712 Moderatoribus
1164 661 1315 710 nostris
1347 662 1449 708 faeti
1467 662 1676 705 rationem
1693 657 1858 705 reddere
1872 657 2075 723 possimus
2092 680 2102 706 τ
2133 680 2197 711 eas
2311 682 2319 692 ¹*

550 730 700 776 litteras
718 747 871 789 curate,
889 729 1155 777 discedimus.
1205 726 1295 774 Vbi
1310 725 1361 774 de
1377 724 1647 790 procurandis
1663 723 1808 770 litteris
1830 723 2014 784 audiere,
2039 744 2198 791 magno
2256 755 2259 781 ς
2311 730 2319 787 S

550 796 719 842 fremitu
737 805 778 843 δε
797 794 978 842 infinitis
1004 793 1245 841 maledictis
1272 807 1448 839 onerant
1475 793 1644 837 Patrem
1671 785 1796 835 illum
1813 807 1822 833 ε
1843 792 1919 852 qui
1935 796 2119 853 tempori
2134 809 2199 840 ce-
2257 823 2259 838 1

550 859 741 907 dendum
757 877 884 921 ratu3‚
909 860 1109 908 submota
1123 875 1355 922 Vtcumque
1368 855 1507 915 turb-2⁸1,
1524 858 1568 901 in
1586 855 1810 902 sacrarium
1821 853 1858 900 ie
1876 857 2038 918 recipit,
2050 855 2198 909 frustra
2257 868 2260 910 's
2320 877 2321 880 ¹

548 925 710 972 ostium
725 925 749 974 a
763 942 885 990 tergo
900 925 1105 973 adducere
1121 939 1308 970 conatus.
1340 919 1569 968 Continuo
1586 919 1683 984 post
1699 935 1800 965 eum
1816 924 1965 966 armati
1994 920 2078 984 qua
2102 921 2198 973 data
2259 930 2261 986 ζ

549 1005 670 1056 porta
688 1007 815 1038 ruunt
828 1027 841 1048 ,
872 990 1105 1051 fugientem
1136 1005 1205 1051 pet
1222 987 1398 1034 hortum
1414 1022 1427 1046 ‚
1455 984 1610 1049 perque
1624 983 1781 1031 domus
1807 988 1908 1031 atria
1924 984 2195 1050 insectantur,
2260 993 2261 1037 Ξ
2317 996 2321 1023 ἱ

549 1053 711 1120 sclopos
744 1042 966 1120 aliquoties
989 1068 1227 1100 exonerant.
1258 1048 1387 1098 euafit
1403 1067 1548 1097 tamen
1565 1047 1636 1096 ille
1652 1049 1705 1096 ad
1723 1051 1867 1096 Socios
1881 1047 2027 1097 illaesus
2045 1090 2056 1110 ,
2072 1069 2202 1101 mox*

550 1118 633 1185 que
659 1138 807 1168 omnes
824 1125 868 1166 in
887 1121 1140 1184 superiorem
1158 1115 1300 1163 aulam
1318 1114 1485 1164 collecti
1499 1154 1512 1175 ,
1537 1132 1662 1179 atque
1678 1113 1731 1161 ad
1754 1132 1901 1161 necem
1917 1116 2077 1163 fortiter
2090 1117 2199 1166 tole·
2262 1135 2264 1189 1

551 1187 727 1232 randam
746 1183 902 1231 mutuo
917 1198 1170 1241 animantes,
1185 1179 1389 1228 hostilem
1406 1185 1619 1245 impetum
1635 1177 2002 1244 praestolabantur.

615 1252 676 1296 At
701 1248 887 1295 Andreas
906 1251 1145 1307 Boccatius‚
1160 1250 1426 1311 imperterriti
1443 1249 1578 1292 animi
1596 1244 1845 1301 Sacerdos(is
1857 1250 1933 1310 qui
1947 1261 2090 1310 parem
2104 1252 2195 1297 ani-
2263 1261 2265 1279 ³

550 1318 612 1360 mi
629 1313 924 1361 fortitudinem
953 1312 1139 1360 ostendit
1170 1313 1436 1361 Leowardiae
1452 1310 1641 1358 aduersus
1667 1309 1947 1359 Iconoclastas
1964 1321 1975 1371 )
1992 1311 2091 1360 cum
2109 1332 2196 1363 me-

547 1377 731 1425 miniffet
750 1378 905 1426 relictae
922 1381 965 1425 in
992 1378 1057 1425 ar&
1081 1377 1269 1425 maxims}
1285 1377 1553 1424 sacrosanChe
1570 1376 1873 1437 Eucharistiae·³
1896 1393 1944 1424 ex
1973 1381 2197 1430 Sociorum

547 1459 727 1491 numero
756 1442 924 1508 repente
946 1443 984 1490 se
1010 1442 1417 1508 proripit‚templu1n
1444 1446 1487 1489 111
1521 1442 1676 1488 reditur
1709 1441 1912 1488 haereticis
1937 1441 2202 1494 debacchari-¹

547 1505 661 1554 tibus
690 1509 909 1556 refertum:
941 1508 1153 1556 constanti
1189 1507 1320 1573 gradu
1358 1526 1405 1554 ac
1432 1526 1488 1556 vu
1509 1523 1555 1554 tu
1587 1506 1641 1554 ad
1673 1524 1791 1554 aram
1830 1507 1988 1561 accedit
2004 1548 2017 1569 ,
2047 1527 2193 1574 argen-

544 1587 656 1619 team
687 1573 889 1639 pyxidem
917 1590 966 1620 ex
984 1571 1278 1621 loculamento
1307 1590 1536 1620 reuerenter
1551 1570 1730 1619 extrahit
1749 1570 1946 1620 breuium
1960 1572 2194 1627 hostiarum

547 1635 717 1701 plenam
734 1661 743 1686 :
775 1658 878 1704 quas
902 1655 993 1686 tam
1023 1637 1178 1686 multas
1196 1639 1293 1685 cum
1326 1636 1442 1685 1111εό
1460 1637 1676 1686 absumere
1692 1637 1814 1685 arido
1830 1638 2114 1703 atquehiante
2128 1659 2196 1690 ore

542 1721 633 1750 non
647 1704 859 1752 sustineret
874 1740 887 1765 ,
903 1705 1041 1769 ipsum
1056 1702 1276 1754 vasculum
1299 1722 1431 1751 manu
1449 1707 1561 1768 capit
1581 1744 1592 1763 ,
1609 1703 1763 1770 perque
1795 1719 1996 1752 trecentos
2016 1705 2195 1771 amplius

542 1786 723 1817 armatos
739 1774 917 1836 grauiter
935 1769 1144 1830 incedens,
1165 1767 1287 1817 nullo
1299 1785 1449 1816 eorum
1465 1767 1706 1834 quidquam
1723 1769 1839 1828 auso,
1859 1770 2040 1833 asportat
2056 1771 2108 1819 ad
2121 1777 2194 1821 So-

542 1837 648 1894 cios,
667 1833 750 1883 fiue
764 1839 954 1884 attonitis
970 1834 1172 1900 sacrilegis
1191 1832 1400 1882 miraculo
1415 1832 1686 1882 confidentia:
1699 1875 1711 1894 ‚
1726 1835 1791 1882 seu
1807 1834 1944 1898 potius
1957 1838 2054 1884 Deo
2081 1834 2192 1886 fidu-

542 1902 654 1946 ciam
672 1905 750 1949 viri
778 1901 1063 1966 pietatemque
1079 1899 1401 1965 comprobante.
1440 1900 1601 1949 Interea
1617 1897 1800 1947 seditiofi
1817 1899 2090 1965 deprehensos
2105 1921 2194 1952 vno

541 1967 584 2010 in
620 1963 717 2013 loco
758 1969 893 2014 Patres
913 1965 1102 2031 precibus
1130 1968 1313 2014 intentos
1336 2005 1347 2026 ,
1373 1982 1499 2031 atque
1523 1965 1577 2013 ad
1593 1983 1778 2013 extrema
1790 1970 1940 2014 omnia
1956 1967 2194 2031 perferenda

545 2035 699 2079 animis
719 2047 986 2097 comparatos
1003 2070 1013 2086 ,
1034 2032 1265 2096 postquam
1278 2031 1499 2096 diligenter
1521 2032 1798 2091 excusserant,
1813 2035 1857 2079 in
1882 2032 2102 2081 sacrarium
2123 2053 2193 2082 co-

543 2111 662 2158 gunt.
699 2097 797 2144 inde
814 2116 883 2162 per
893 2096 1110 2162 templum
1125 2098 1312 2145 educunt
1327 2097 1379 2144 ad
1397 2115 1523 2144 naues
1542 2134 1551 2143 .
1592 2095 1740 2145 Feralis
1759 2104 1864 2162 poi'n
1898 2116 1932 2145 ae
1946 2097 2017 2145 hic
2027 2115 2113 2147 erat
2125 2118 2193 2148 or-

542 2159 611 2208 do.
641 2161 821 2211 Praeibat
839 2161 1031 2228 fignifer,
1058 2162 1180 2210 nullo
1204 2180 1514 2228 tympanorum
1543 2179 1615 2210 aut
1638 2161 1842 2210 tubarum
1882 2181 1996 2210 ono.
2038 2168 2194 2229 Seque-

543 2222 697 2275 bantur
708 2229 848 2275 Duces
867 2247 913 2276 ac
926 2227 1115 2275 Tribuni
1138 2267 1152 2289 ,
1177 2227 1330 2276 deinde
1342 2228 1477 2277 nostri
1491 2227 1609 2276 velut
1621 2226 1784 2275 nobiles
1801 2231 1958 2293 captiui
1975 2245 1986 2274 ε
2003 2228 2191 2294 frequens

541 2307 721 2357 Vtroque
736 2292 858 2341 latere
882 2293 1001 2341 miles
1028 2294 1218 2341 aduersus
1236 2297 1475 2341 coniuratos
1491 2297 1535 2340 in
1547 2312 1693 2348 necem
1712 2297 1900 2340 Patruim
1939 2297 2040 2341 Hoc
2053 2300 2192 2344 comi-

540 2372 628 2402 tatu
655 2376 833 2407 ventum
860 2358 913 2407 ad
936 2357 1120 2407 Scaldim
1143 2358 1246 2408 :vbi
1259 2364 1437 2424 nauigio
1451 2354 1665 2424 impoliti,
1687 2358 1831 2406 denuo
1845 2362 2127 2421 excutiuntur,
2140 2379 2193 2409 ne

547 2420 655 2484 quid
672 2423 776 2471 forte
795 2428 957 2489 argenti
974 2425 1255 2489 asportarent:
1277 2444 1323 2471 ac
1341 2442 1384 2472 tu
1392 2444 1437 2471 m
1450 2443 1623 2489 quoque
1639 2421 1829 2472 mirabili
1843 2422 1979 2472 modo
1992 2422 2114 2473 latuit
2129 2446 2190 2477 ar-

541 2502 689 2548 gentea
714 2487 785 2537 illa
810 2490 931 2537 theca
957 2508 1057 2536 cum
1088 2487 1348 2537 sanctissimo
1370 2492 1410 2537 C
1426 2507 1459 2537 H
1475 2506 1507 2538 R
1529 2507 1545 2538 1
1567 2508 1585 2536 s
1606 2507 1636 2538 T
1653 2507 1670 2538 1
1694 2507 1869 2554 corpore
1890 2489 2006 2554 apud
2033 2495 2191 2540 Bocca-

542 2554 666 2598 tium.
706 2554 907 2603 Haerebat
934 2554 1080 2602 medio
1104 2554 1241 2602 Scaldi
1255 2558 1376 2603 raetis
1401 2554 1596 2602 anchoris
1613 2558 1837 2620 nauigium
1852 2595 1865 2615 ,
1889 2554 2026 2602 donec
2041 2574 2089 2603 ex
2104 2555 2190 2606 alto

542 2614 581 2660 se
599 2621 723 2664 maris
744 2619 863 2667 aestus
894 2623 1087 2667 incitaret
1105 2659 1117 2679 ‚
1136 2638 1182 2666 ac
1210 2620 1345 2668 saluus
1361 2638 1492 2686 quem
1509 2636 1665 2669 vocant
1682 2619 1919 2667 conduetus
1934 2619 1959 2668 a
1984 2620 2191 2673 Tribunis

543 2683 766 2740 promissus
782 2684 1039 2748 expediretur
1059 2722 1069 2732 .
1113 2689 1188 2732 Per
1211 2704 1304 2732 eam
1323 2703 1491 2734 moram
1507 2684 1801 2751 frequentibus
1827 2685 1993 2750 cymbis
2016 2685 2190 2736 adnaui-

543 2743 704 2806 gabant
718 2746 927 2795 Hollandi
946 2748 1207 2815 Zelandic'luc
1221 2790 1235 2810 ,
1263 2759 1304 2798 &
1323 2753 1489 2798 Ieiuitas
1507 2749 1575 2812 alij
1594 2755 1638 2798 in
1656 2749 1911 2798 Zelandiam
1931 2750 2187 2813 auehendos,

543 2807 614 2870 alij
634 2812 953 2874 praecipitandos
969 2817 1011 2858 in
1029 2813 1191 2861 flumen
1211 2854 1223 2874 ,
1247 2814 1315 2876 alij
1337 2816 1419 2864 alia
1445 2815 1724 2864 clamitabant
1739 2853 1749 2863 .
1789 2812 1878 2865 Sub
1898 2818 2073 2864 noctem
2088 2820 2190 2867 Tri-

545 2869 654 2920 buni
669 2873 848 2940 aliquot,
872 2881 992 2941 pauci
1009 2877 1078 2924 lue
1097 2878 1149 2925 de
1165 2879 1595 2944 Magistratu,lembo
1612 2882 1797 2941 adnecti,
1815 2879 2096 2947 quadraginta
2108 2881 2189 2932 flo-

543 2954 664 2986 renos
683 2944 727 2987 in
741 2941 917 2989 naulum
946 2942 1150 2991 adticunt
1176 2950 1313 2992 nautis
1335 2986 1347 3006 ‚
1368 2956 1410 2994 ὅ(
1436 2945 1589 2994 milites
1605 2946 1730 2994 nobis
1761 2946 1815 2994 ad
1843 2944 2019 2994 tutelam
2037 2946 2187 2996 adiun-

541 3020 662 3067 gunt.
699 3007 756 3051 ita
771 3005 938 3053 sublatis
962 3008 1157 3055 anchoris
1174 3009 1264 3057 vela
1282 3010 1367 3057 fieri
1382 3029 1521 3076 coepta
1538 3050 1549 3059 .
1588 3016 1695 3059 Nox
1708 3008 2021 3058 contumeliofis
2037 3029 2186 3061 nauta-

546 3086 642 3116 rum
664 3068 941 3136 militumque
952 3071 1128 3120 vocibus
1145 3074 1339 3123 traducta
1355 3115 1369 3136 ‚
1385 3075 1471 3124 alto
1488 3081 1664 3125 Parrum
1682 3075 1860 3124 silentio.
1889 3074 1978 3123 Sub
1989 3094 2184 3129 auroram

539 3137 660 3182 nauis
679 3134 965 3182 Mechliniam
986 3137 1155 3200 appulia
1167 3138 1238 3186 est.

604 3199 859 3248 Praemiserat
888 3205 1105 3265 Orangius
1139 3200 1254 3249 haud
1280 3202 1501 3251 mediocris
1528 3222 1644 3253 notae
1664 3209 1807 3261 virum
1837 3222 1937 3251 cum
1963 3205 2106 3255 litteris
2129 3208 2183 3257 ad

538 3265 741 3312 Senatum
771 3265 1125 3313 Mechliniensem
1139 3306 1153 3326 ‚
1170 3266 1484 3334 monebatque,
1505 3287 1551 3318 vt
1567 3270 1732 3320 Iesuitas
1764 3269 1824 3317 ob
1854 3269 2090 3320 rebellionis
2108 3277 2182 3320 cri-

540 3344 640 3375 men
663 3333 816 3379 6166103
835 3331 1103 3380 admitterent
1117 3331 1293 3397 quidem
1309 3336 1354 3380 in
1371 3333 1520 3383 vrbem
1537 3375 1551 3395 ‚
1564 3335 1631 3384 sed
1644 3354 1746 3383 mox
1759 3338 1884 3383 omni
1895 3334 2088 3402 praefidio
2099 3356 2182 3385 1111-

2042 3402 2182 3461 datos,

2311 809 2316 825 1

2311 932 2316 958 ί

2311 997 2315 1025 1

2310 1048 2321 1091 i

2310 1128 2316 1158 1

2309 1178 2317 1224 Ι.

2310 1261 2317 1290 1

2313 1462 2318 1490 1

2313 1528 2321 1555 c

2314 1595 2320 1623 1

2314 1659 2320 1689 1

2314 1726 2321 1756 1

2317 1784 2321 1823 l

2315 1858 2321 1888 1

2316 1927 2321 1953 (

2317 1994 2319 2021 1

2316 2060 2321 2087 1

2318 2117 2321 2155 l

2272 2143 2276 2247 1
2320 2261 2321 2265 ¹

2278 2545 2280 2601 ἒ
