2326 4080
593 366 659 413 54
824 357 1061 400 IMAGO
1108 359 1314 401 PRIMI
1353 353 1629 397 SAECVLI
1671 354 1821 396 SOC.
1858 350 2025 396 IESV·

585 435 815 498 exspectari
833 451 1011 499 poterat,
1023 433 1117 495 nisi,
1136 451 1182 484 vt
1195 431 1361 481 haereses
1375 431 1517 496 (quod
1533 434 1714 494 contigit
1730 432 1753 488 )
1771 438 1812 476 &
1827 446 1997 485 errores,
2016 430 2100 492 qua
2126 426 2223 477 data

585 516 726 562 porta,
747 499 875 563 pleno
889 499 926 547 se
942 504 1117 561 agmine
1138 498 1429 556 effunderent,
1446 505 1488 543 δε
1506 501 1548 542 in
1567 495 1687 542 vrbes
1715 513 1763 542 ac
1785 492 1969 558 populos
1996 498 2083 540 iam
2110 497 2223 542 vitiis

584 565 666 611 suis
682 582 899 629 corruptos
915 553 1051 613 subit&
1068 568 1320 627 contagione
1335 561 1463 624 longe
1476 559 1640 624 lateque
1659 559 1945 624 grassarentur.
1978 559 2131 605 Exorta
2149 563 2224 606 So-

584 634 747 688 cietate,
767 631 941 677 tandem
960 630 1162 693 respexere
1177 629 1278 686 sese3
1297 637 1339 675 δε
1358 627 1490 676 veluti
1514 626 1536 673 ἐ
1561 624 1697 689 longo
1720 641 1895 673 veterno
1915 627 2039 669 exciti
2055 662 2069 682 ,
2094 623 2222 672 multi

582 695 705 759 quod
736 713 852 742 erant
870 694 1016 741 officio
1035 714 1081 742 ac
1097 695 1325 758 dignitate,
1344 691 1538 740 moribus
1564 694 1695 737 etiam
1712 708 1760 736 ac
1773 693 1930 736 virtute
1953 689 2030 735 esse
2049 688 2223 736 studue-

582 759 1042 824 1'uiit.Ipsisreqtieiiter
1058 759 1300 806 audiuimus
1319 758 1343 804 a
1359 755 1524 804 senibus
1538 759 1785 813 memorari,
1799 753 2067 817 Vbicumque
2084 758 2223 801 Socie—

583 841 644 872 tas
660 826 888 890 vestigium
903 825 1113 889 posuisset,
1131 823 1259 872 aliam
1277 821 1485 870 continuo
1508 838 1648 868 rerum
1669 820 1822 868 faciem
1847 818 2058 877 exstitisse3
2082 827 2125 866 ὃς
2143 837 2222 883 pro

581 894 818 955 impietate,
838 889 1092 954 ignorantia,
1106 888 1222 948 luxu,
1239 891 1295 935 rei
1312 886 1566 934 Christianae
1583 889 1778 950 peritiam
1792 924 1806 944 ,
1820 883 2068 947 religionem
2082 923 2098 944 ,
2123 902 2223 948 pro-

581 954 661 1002 bos
679 955 894 1020 castosque
911 972 1047 1003 mores
1075 953 1256 1001 celeriter
1271 952 1511 999 effloruisse.
1544 957 1666 1016 Qae
1686 950 1794 997 dum
1823 962 2037 997 narrarent
2051 989 2065 1010 ,
2088 948 2221 1015 lacry-

578 1038 670 1067 mas
688 1020 851 1083 qaudij,
867 1021 986 1084 quod
1005 1023 1168 1067 intimis
1187 1017 1430 1082 pectoribus
1447 1016 1695 1075 sentiebant,
1710 1014 1867 1062 indices
1886 1013 1991 1078 saepe
2014 1033 2104 1062 non
2118 1034 2223 1063 con-

577 1074 786 1144 tinebant3
805 1086 926 1149 quod
951 1090 994 1132 in
1011 1102 1058 1131 ea
1075 1083 1205 1148 vsque
1224 1100 1417 1146 tempora
1437 1081 1652 1138 vixissent,
1671 1079 1827 1145 quibus
1856 1079 2063 1129 videbant
2090 1080 2220 1128 colla-

577 1151 696 1211 psam
717 1155 917 1214 pietatem
933 1154 1054 1214 erigi,
1072 1167 1149 1196 nec
1169 1152 1254 1195 iam
1269 1150 1469 1195 virtutem
1485 1146 1625 1194 minus
1641 1186 1655 1207 ,
1680 1144 1813 1209 qutim
1828 1143 1940 1209 prius
1961 1148 2060 1193 vitia
2071 1185 2084 1206 ,
2100 1149 2220 1193 inua-

575 1213 722 1262 lescere
752 1224 795 1262 δε
822 1214 921 1262 colis,
949 1211 1049 1261 Hoc
1068 1213 1144 1262 vbi
1166 1217 1209 1260 in
1236 1207 1579 1259 obseruationem
1608 1214 1747 1276 magis
1773 1210 1990 1275 magisque
2019 1215 2218 1273 incurrit,-

574 1280 709 1327 iidem
734 1285 823 1327 iam
841 1284 876 1326 se
896 1278 1058 1337 felices,
1082 1278 1173 1325 imo
1202 1275 1463 1325 calamitates
1488 1294 1737 1341 temporum
1766 1276 1896 1340 prope
1926 1274 2236 1325 felices.v0ca-·

576 1342 694 1404 bant,
714 1345 870 1409 quibus
885 1361 959 1408 par
974 1344 1069 1391 esset
1087 1343 1344 1407 magnitudo
1360 1342 1512 1403 solatij,
1526 1341 1645 1405 quod
1661 1357 1912 1406 optauerant
1929 1346 2064 1406 magis
2081 1343 2217 1407 quam

575 1411 855 1473 sperauerant:
878 1428 955 1457 nec
974 1408 1326 1456 finemfaciebant
1337 1412 1422 1455 Dei
1437 1405 1612 1455 confilia
1626 1405 1829 1454 laudandi
1845 1446 1859 1466 ,
1880 1406 2001 1471 quod
2025 1423 2114 1454 tam
2137 1427 2218 1473 op-

573 1475 754 1537 portune
772 1477 1026 1522 'Societatem
1054 1472 1151 1521 orbi
1175 1473 1361 1521 dedisset.
1397 1471 1591 1520 Similem
1615 1471 1828 1520 faciebant
1856 1475 1992 1536 perito
2019 1473 2215 1535 Medico,

572 1544 643 1586 cui
673 1540 764 1586 satis
792 1558 882 1588 non
900 1539 960 1586 est
991 1543 1084 1588 vim
1112 1539 1391 1604 ardoremque
1418 1537 1563 1585 morbi
1586 1537 1771 1585 iucunda
1796 1537 1986 1601 quadam
2015 1538 2215 1603 grataque

570 1608 708 1669 magis
729 1605 862 1669 quam
880 1604 1037 1652 efficaci
1050 1604 1218 1669 frigoris
1233 1608 1432 1669 temperie
1448 1603 1590 1661 lenire,
1608 1603 1674 1651 sed
1693 1601 1966 1667 propositum
1984 1622 2031 1649 ac
2050 1621 2212 1654 certum

571 1670 631 1727 est
656 1670 847 1718 caussam
876 1667 1149 1734 radicemque
1166 1669 1269 1717 mali
1285 1671 1474 1734 persequi
1490 1707 1502 1728 ,
1521 1677 1564 1716 δε
1587 1668 1780 1716 funditus
1809 1667 1974 1731 tolleret
1989 1672 2047 1715 ita
2064 1672 2212 1719 Deum

570 1734 762 1796 aiebant,
774 1732 871 1784 cum
885 1735 1046 1785 videret
1056 1734 1339 1799 corruptelam
1351 1739 1395 1781 in
1411 1732 1564 1798 vulgus
1593 1733 1748 1798 serpere
1762 1772 1775 1793 ,
1793 1732 1856 1780 illi
1879 1731 2068 1781 Ecclesiae
2086 1741 2212 1798 parti,

571 1817 666 1863 quae
685 1817 840 1849 ceteras
860 1801 1017 1848 seruare
1035 1799 1236 1860 debebat,
1253 1800 1513 1848 medicinam
1528 1800 1659 1847 facere
1676 1798 1868 1858 voluisse,
1882 1815 1927 1848 vt
1943 1798 2055 1847 felici
2068 1817 2210 1850 rerum

570 1865 847 1913 conuersione
859 1869 1081 1914 sanitatem
1099 1866 1282 1931 populus
1301 1867 1355 1914 ab
1372 1864 1452 1913 illis
1471 1869 1624 1913 iterum
1641 1869 1862 1929 reciperet,
1890 1863 1915 1912 a
1936 1863 2093 1928 quibus
2110 1867 2212 1915 ante:

363 1989 368 1993 μ
569 1931 775 1978 nonnihil
792 1932 985 1979 hauserat
1002 1935 1286 1996 contagionis.
1302 1934 1446 1996 Atque
1461 1930 1550 1978 haec
1568 1929 1804 1978 multorum
1815 1928 1896 1977 fuit
1914 1933 2082 1994 opinio.

364 1991 486 2060 Altera
579 2055 582 2057 v
635 1996 744 2057 Alij,
765 2014 812 2045 vt
834 1997 1013 2062 quisque
1040 2015 1117 2060 pro
1143 2000 1277 2044 animi
1299 1996 1359 2044 sui
1380 1996 1541 2043 iudicio
1565 1997 1644 2044 fert
1660 1995 1936 2055 sententiam,
1957 1999 2033 2060 qui
2058 1995 2213 2062 dilige-'

359 2038 529 2120 ἱζζζζῖζῖΐ
575 2057 678 2109 bant
706 2062 906 2110 decorem
931 2063 1087 2109 domus
1110 2065 1323 2122 Domini,
1343 2066 1388 2108 in
1405 2060 1588 2126 eumque
1601 2065 1771 2126 penitus
1787 2077 1904 2109 erant
1922 2064 2098 2122 intenti,
2115 2062 2209 2111 suaa

360 2132 540 2180 tempestma
570 2143 669 2172 uem
696 2129 781 2175 Dei
811 2128 1130 2190 prouidentiam
1162 2127 1235 2175 hic
1260 2125 1608 2185 admirabantur3
1635 2127 1720 2192 qua
1737 2124 1964 2175 Ecclesiam
1984 2125 2208 2191 spectabili

350 2180 528 2263 {3³52th
568 2191 764 2253 quodam
791 2193 1015 2240 Ordinum
1040 2192 1283 2240 discrimine
1307 2192 1538 2253 adornare,
1558 2199 1601 2240 ὃς
1618 2189 1904 2257 pulcherrim&
1935 2195 2209 2242 circumami-

499 2251 510 2263 ‘
528 2255 537 2274 ‘'
568 2258 685 2303 <stam
706 2262 921 2319 varietate,
934 2257 1052 2307 velut
1066 2259 1120 2306 ad
1137 2257 1390 2324 elegantiam
1405 2275 1592 2323 pergeret
1608 2257 1818 2322 expolire}
1842 2275 1933 2304 non
1963 2273 2010 2306 vt
2036 2261 2208 2307 animos

566 2323 741 2383 piorum
769 2323 938 2370 tantum
965 2322 1223 2384 oblerstaret,
1255 2322 1323 2371 sed
1347 2340 1395 2372 vt
1414 2310 1702 2371 oblectatione
1729 2320 1913 2370 delinitis
1948 2323 2205 2373 cumulatius
2271 2372 2273 2374 .
2304 2326 2311 2375 ,ἶ

564 2387 783 2447 prodesset:
806 2396 849 2435 δε
865 2406 996 2453 quem
1015 2393 1058 2436 in
1089 2390 1273 2436 modum
1304 2387 1507 2436 alimenta
1523 2426 1535 2447 ,
1552 2406 1647 2454 quae
1670 2387 1725 2436 ad
1752 2389 1921 2438 vietum
1954 2388 2204 2438 mortalium

561 2452 782 2500 necessaria
809 2470 948 2512 erant,
966 2458 1081 2502 varia
1104 2454 1226 2514 fecit,
1252 2452 1508 2519 singulisque
1528 2449 1792 2517 voluptatem
1811 2452 1927 2500 suam
1945 2453 2204 2516 permiscuit,

562 2531 616 2561 ne
633 2517 781 2565 deesset
802 2519 921 2584 quod
933 2532 1022 2566 tam
1041 2523 1159 2568 vario
1177 2519 1413 2565 hominum
1436 2517 1581 2582 palato
1597 2517 1888 2576 allubesceret3
1915 2522 1975 2564 ita
1995 2521 2133 2567 varios
2157 2523 2203 2569 in

561 2580 743 2630 Ecclesia
759 2584 942 2631 Ordines
958 2580 1012 2631 ab
1028 2603 1079 2631 eo
1092 2587 1258 2631 excitari
1273 2582 1633 2648 praedicabaiit,vt
1648 2578 1803 2649 quibus
1819 2584 1914 2631 esset
1931 2586 2098 2630 animus
2116 2582 2203 2634 Dei

561 2646 746 2694 consiliis
759 2648 949 2712 parerefi
966 2649 1067 2696 hinc
1082 2649 1422 2708 absterrerentur,
1435 2649 1531 2696 esset
1544 2643 1656 2697 vnde
1668 2648 1943 2696 allicerentur.
1962 2649 2202 2712 Qamdiu

560 2712 739 2774 quidem
761 2714 932 2762 fastidio
958 2733 1048 2761 non
1074 2732 1332 2775 vexaremur,
1349 2714 1466 2761 tanta
1482 2718 1681 2763 varietate
1696 2731 1803 2777 opus
1821 2731 1912 2760 non
1929 2712 2061 2760 fuisse.
2084 2718 2200 2764 Sicut

560 2780 675 2823 euim
693 2782 932 2840 primorum
949 2779 1183 2827 hominum
1207 2779 1436 2827 stomachis
1452 2777 1690 2828 valentibus
1706 2777 1855 2825 obuias
1874 2779 2029 2842 frugeS,
2048 2782 2201 2827 inuen-

560 2841 701 2906 tasque
717 2846 761 2889 in
782 2843 957 2891 arbustis
971 2843 1212 2904 baccas,vel
1225 2845 1278 2891 ad
1290 2842 1573 2891 necessitatem
1586 2841 1803 2903 suffeciss'e,
1814 2842 1881 2893 vel
1899 2843 1954 2891 ad
1970 2844 2199 2894 honestam

558 2907 849 2969 voluptatem:
866 2912 924 2956 ita
940 2913 1075 2956 vitam
1091 2909 1391 2974 Apostolicam
1410 2913 1565 2957 recenti
1579 2928 1627 2956 ac
1637 2921 1794 2973 vegetae
1807 2912 2050 2973 primorum
2067 2908 2197 2956 Chri-

559 2970 797 3020 stianorum
811 2978 957 3022 virtuti
970 2973 1186 3022 sanctitate
1205 2973 1276 3022 illa
1289 2975 1356 3021 susal
1366 2976 1456 3022 satis
1473 2992 1687 3039 acceptam
1703 2974 1821 3021 fuisse
1835 3013 1848 3035 ,
1865 2991 1998 3038 quam
2016 2975 2197 3037 proinde

557 3035 581 3083 zi
597 3040 808 3100 principio
826 3037 943 3085 tanta
961 3043 1155 3086 varietate
1173 3047 1216 3086 &
1238 3055 1444 3103 apparatu
1466 3042 1582 3087 Deus
1600 3057 1689 3086 non
1717 3040 1976 3097 condiuerat3
1993 3037 2078 3099 sed,
2092 3039 2195 3089 cuin

554 3101 688 3149 sensus
707 3102 855 3165 populi
870 3104 953 3150 vna
968 3122 1067 3151 cum
1082 3100 1274 3151 moribus
1293 3105 1387 3152 esset
1399 3120 1584 3151 mutatus
1598 3144 1611 3164 ,
1629 3104 1849 3151 fastidium
1865 3102 1986 3163 illud,
1998 3121 2086 3167 quo
2102 3104 2194 3168 ple-

555 3172 676 3230 rique
688 3168 820 3214 sacros
834 3168 1032 3214 homines
1048 3172 1156 3217 vitio
1175 3167 1310 3216 saeculi
1327 3166 1646 3228 auersabantur,
1660 3172 1814 3216 recenti
1833 3168 1911 3216 hac
1928 3169 2192 3232 opportuna-

553 3250 635 3296 que
651 3235 850 3281 varietate
864 3232 1081 3296 depulisse,
1106 3242 1148 3280 ὃς
1162 3237 1204 3280 in
1221 3238 1500 3281 reuerentiam
1519 3232 1799 3299 amoremque
1813 3233 1988 3283 vertisse.

615 3297 791 3357 Rursus,
810 3314 856 3345 vt
873 3295 1103 3345 condendo
1117 3297 1230 3345 Orbi
1248 3298 1335 3345 dies
1348 3299 1483 3363 plures
1495 3297 1732 3362 impendit,
1750 3298 1847 3345 licet
1868 3316 1958 3347 vno
1981 3297 2189 3362 temporis

548 3379 778 3410 momento
805 3378 949 3410 totum
976 3377 1082 3426 opus
1101 3362 1307 3411 omnibus
1325 3364 1403 3411 suis
1427 3367 1614 3410 numeris
1640 3363 1836 3426 potuisset
1865 3362 2100 3420 absoluere,
2131 3367 2188 3412 ita

544 3445 645 3475 eum
663 3428 917 3476 exornandae
932 3426 1123 3477 Ecclesia:
1146 3427 1229 3485 sug:
1251 3428 1352 3477 alias
1381 3445 1506 3495 atque
1526 3427 1625 3477 alias
1645 3444 1784 3477 aetates
1813 3427 2042 3477 asserebant
2058 3426 2186 3475 desti-

2058 3493 2182 3540 nasse.
