<?xml version="1.0" encoding="UTF-8"?>
<!DOCTYPE html PUBLIC "-//W3C//DTD XHTML 1.0 Transitional//EN"
    "http://www.w3.org/TR/xhtml1/DTD/xhtml1-transitional.dtd">
<html xmlns="http://www.w3.org/1999/xhtml" xml:lang="en" lang="en">
 <head>
  <title>
</title>
<meta http-equiv="Content-Type" content="text/html;charset=utf-8" />
  <meta name='ocr-system' content='tesseract 3.04.00' />
  <meta name='ocr-capabilities' content='ocr_page ocr_carea ocr_par ocr_line ocrx_word'/>
</head>
<body>
  <div class='ocr_page' id='page_1' title='image "./imagoprimisaecul00boll_0920.png"; bbox 0 0 2321 4013; ppageno 0'>
   <div class='ocr_carea' id='block_1_1' title="bbox 466 258 2009 336">
    <p class='ocr_par' dir='ltr' id='par_1_1' title="bbox 466 258 2009 336">
     <span class='ocr_line' id='line_1_1' title="bbox 466 258 2009 336; baseline -0.013 -10"><span class='ocrx_word' id='word_1_1' title='bbox 466 275 577 336; x_wconf 81' lang='lat'>906</span> <span class='ocrx_word' id='word_1_2' title='bbox 717 278 958 322; x_wconf 73' lang='lat' dir='ltr'>IMAGo</span> <span class='ocrx_word' id='word_1_3' title='bbox 1001 266 1209 316; x_wconf 83' lang='lat' dir='ltr'>PRIMI</span> <span class='ocrx_word' id='word_1_4' title='bbox 1255 258 1529 309; x_wconf 80' lang='lat' dir='ltr'>SAECVLI</span> <span class='ocrx_word' id='word_1_5' title='bbox 1574 259 1730 312; x_wconf 82' lang='lat' dir='ltr'>socj.</span> <span class='ocrx_word' id='word_1_6' title='bbox 1785 261 1952 307; x_wconf 56' lang='lat' dir='ltr'>1Esv2</span> <span class='ocrx_word' id='word_1_7' title='bbox 1998 277 2009 283; x_wconf 41' lang='grc'><em>”</em></span> 
     </span>
    </p>
   </div>
   <div class='ocr_carea' id='block_1_2' title="bbox 465 340 2141 3158">
    <p class='ocr_par' dir='ltr' id='par_1_2' title="bbox 465 340 2141 3158">
     <span class='ocr_line' id='line_1_2' title="bbox 467 340 2123 420; baseline -0.008 -18"><span class='ocrx_word' id='word_1_8' title='bbox 467 356 587 415; x_wconf 86' lang='lat' dir='ltr'>bam,</span> <span class='ocrx_word' id='word_1_9' title='bbox 602 358 747 420; x_wconf 87' lang='lat' dir='ltr'>ponite</span> <span class='ocrx_word' id='word_1_10' title='bbox 766 353 890 403; x_wconf 89' lang='lat' dir='ltr'>vobis</span> <span class='ocrx_word' id='word_1_11' title='bbox 909 367 1004 398; x_wconf 89' lang='lat' dir='ltr'>ante</span> <span class='ocrx_word' id='word_1_12' title='bbox 1019 347 1167 395; x_wconf 86' lang='lat' dir='ltr'>oculos</span> <span class='ocrx_word' id='word_1_13' title='bbox 1189 348 1352 408; x_wconf 87' lang='lat' dir='ltr'>primos</span> <span class='ocrx_word' id='word_1_14' title='bbox 1380 341 1474 388; x_wconf 87' lang='lat' dir='ltr'>illos</span> <span class='ocrx_word' id='word_1_15' title='bbox 1506 343 1721 387; x_wconf 85' lang='lat' dir='ltr'>Societatis</span> <span class='ocrx_word' id='word_1_16' title='bbox 1756 340 1908 387; x_wconf 80' lang='lat' dir='ltr'>nostrae</span> <span class='ocrx_word' id='word_1_17' title='bbox 1935 341 2123 389; x_wconf 47' lang='lat' dir='ltr'>Decem*</span> 
     </span>
     <span class='ocr_line' id='line_1_3' title="bbox 467 403 2120 484; baseline -0.008 -18"><span class='ocrx_word' id='word_1_18' title='bbox 467 425 582 470; x_wconf 81' lang='lat' dir='ltr'>uiros</span> <span class='ocrx_word' id='word_1_19' title='bbox 628 425 703 484; x_wconf 88' lang='lat' dir='ltr'>qui</span> <span class='ocrx_word' id='word_1_20' title='bbox 729 438 800 483; x_wconf 86' lang='lat' dir='ltr'>per</span> <span class='ocrx_word' id='word_1_21' title='bbox 819 421 987 464; x_wconf 88' lang='lat' dir='ltr'>Latium</span> <span class='ocrx_word' id='word_1_22' title='bbox 1003 452 1014 472; x_wconf 88' lang='lat'><strong><em>,</em></strong></span> <span class='ocrx_word' id='word_1_23' title='bbox 1041 414 1253 458; x_wconf 77' lang='lat' dir='ltr'>Etruriam</span> <span class='ocrx_word' id='word_1_24' title='bbox 1271 412 1312 455; x_wconf 84' lang='lat' dir='ltr'>V</span> <span class='ocrx_word' id='word_1_25' title='bbox 1317 404 1542 469; x_wconf 58' lang='lat' dir='ltr'>enetosque</span> <span class='ocrx_word' id='word_1_26' title='bbox 1562 404 1759 452; x_wconf 86' lang='lat' dir='ltr'>secuturis</span> <span class='ocrx_word' id='word_1_27' title='bbox 1779 403 2001 459; x_wconf 79' lang='lat' dir='ltr'>laboribus</span> <span class='ocrx_word' id='word_1_28' title='bbox 2018 424 2120 469; x_wconf 83' lang='lat' dir='ltr'>prae—</span> 
     </span>
     <span class='ocr_line' id='line_1_4' title="bbox 467 461 2120 540; baseline -0.013 -7"><span class='ocrx_word' id='word_1_29' title='bbox 467 461 686 540; x_wconf 78' lang='lat' dir='ltr'>ludeiites‚</span> <span class='ocrx_word' id='word_1_30' title='bbox 719 500 883 529; x_wconf 88' lang='lat' dir='ltr'>nouam</span> <span class='ocrx_word' id='word_1_31' title='bbox 909 483 965 526; x_wconf 88' lang='lat' dir='ltr'>rei</span> <span class='ocrx_word' id='word_1_32' title='bbox 992 476 1250 523; x_wconf 69' lang='lat' dir='ltr'>Christianae</span> <span class='ocrx_word' id='word_1_33' title='bbox 1276 474 1426 520; x_wconf 85' lang='lat' dir='ltr'>faciem</span> <span class='ocrx_word' id='word_1_34' title='bbox 1459 469 1748 534; x_wconf 82' lang='lat' dir='ltr'>applaudente</span> <span class='ocrx_word' id='word_1_35' title='bbox 1777 472 1923 517; x_wconf 58' lang='lat' dir='ltr'>Roma</span> <span class='ocrx_word' id='word_1_36' title='bbox 1947 474 2120 518; x_wconf 61' lang='lat' dir='ltr'>inuexe„</span> 
     </span>
     <span class='ocr_line' id='line_1_5' title="bbox 467 533 2117 611; baseline -0.008 -14"><span class='ocrx_word' id='word_1_37' title='bbox 467 567 579 597; x_wconf 82' lang='lat' dir='ltr'>runt:</span> <span class='ocrx_word' id='word_1_38' title='bbox 599 552 672 611; x_wconf 87' lang='lat' dir='ltr'>qui</span> <span class='ocrx_word' id='word_1_39' title='bbox 699 564 769 609; x_wconf 86' lang='lat' dir='ltr'>pei·</span> <span class='ocrx_word' id='word_1_40' title='bbox 787 544 954 593; x_wconf 83' lang='lat' dir='ltr'>Italiam</span> <span class='ocrx_word' id='word_1_41' title='bbox 970 579 983 599; x_wconf 88' lang='lat'>‚</span> <span class='ocrx_word' id='word_1_42' title='bbox 1011 544 1313 597; x_wconf 77' lang='lat' dir='ltr'>Germaniam,</span> <span class='ocrx_word' id='word_1_43' title='bbox 1330 535 1586 599; x_wconf 77' lang='lat' dir='ltr'>Hispaniam</span> <span class='ocrx_word' id='word_1_44' title='bbox 1602 572 1616 592; x_wconf 82' lang='grc'>,</span> <span class='ocrx_word' id='word_1_45' title='bbox 1639 533 1914 600; x_wconf 73' lang='lat' dir='ltr'>Gallianic&#39;lue</span> <span class='ocrx_word' id='word_1_46' title='bbox 1934 535 2117 600; x_wconf 75' lang='lat' dir='ltr'>dispersi,</span> 
     </span>
     <span class='ocr_line' id='line_1_6' title="bbox 466 599 2117 674; baseline -0.007 -13"><span class='ocrx_word' id='word_1_47' title='bbox 466 633 555 662; x_wconf 89' lang='lat' dir='ltr'>non</span> <span class='ocrx_word' id='word_1_48' title='bbox 586 614 726 659; x_wconf 87' lang='lat' dir='ltr'>dicam</span> <span class='ocrx_word' id='word_1_49' title='bbox 768 614 908 674; x_wconf 82' lang='lat' dir='ltr'>paucis</span> <span class='ocrx_word' id='word_1_50' title='bbox 939 610 1087 666; x_wconf 78' lang='lat' dir='ltr'>annis,</span> <span class='ocrx_word' id='word_1_51' title='bbox 1113 603 1182 652; x_wconf 86' lang='lat' dir='ltr'>scd</span> <span class='ocrx_word' id='word_1_52' title='bbox 1219 605 1338 668; x_wconf 64' lang='lat' dir='ltr'>paene</span> <span class='ocrx_word' id='word_1_53' title='bbox 1377 599 1626 657; x_wconf 84' lang='lat' dir='ltr'>mensibus,</span> <span class='ocrx_word' id='word_1_54' title='bbox 1673 600 1951 664; x_wconf 80' lang='lat' dir='ltr'>exstirpandis</span> <span class='ocrx_word' id='word_1_55' title='bbox 1993 605 2117 660; x_wconf 85' lang='lat' dir='ltr'>vitiis,</span> 
     </span>
     <span class='ocr_line' id='line_1_7' title="bbox 466 663 2122 737; baseline -0.006 -13"><span class='ocrx_word' id='word_1_56' title='bbox 466 676 697 725; x_wconf 85' lang='lat' dir='ltr'>virtutibus</span> <span class='ocrx_word' id='word_1_57' title='bbox 739 673 964 721; x_wconf 74' lang='lat' dir='ltr'>inserendis</span> <span class='ocrx_word' id='word_1_58' title='bbox 998 713 1011 732; x_wconf 87' lang='lat'>‚</span> <span class='ocrx_word' id='word_1_59' title='bbox 1048 668 1316 737; x_wconf 59' lang='lat' dir='ltr'>profliganda</span> <span class='ocrx_word' id='word_1_60' title='bbox 1357 665 1654 714; x_wconf 64' lang='lat' dir='ltr'>bxi-eticorum</span> <span class='ocrx_word' id='word_1_61' title='bbox 1693 663 1872 729; x_wconf 60' lang='lat' dir='ltr'>perfidi&amp;</span> <span class='ocrx_word' id='word_1_62' title='bbox 1892 704 1905 724; x_wconf 84' lang='lat'>‚</span> <span class='ocrx_word' id='word_1_63' title='bbox 1950 669 2122 732; x_wconf 58' lang='lat' dir='ltr'>antiqua</span> 
     </span>
     <span class='ocr_line' id='line_1_8' title="bbox 465 731 2121 801; baseline -0.005 -13"><span class='ocrx_word' id='word_1_64' title='bbox 465 740 694 801; x_wconf 79' lang='lat' dir='ltr'>Religione</span> <span class='ocrx_word' id='word_1_65' title='bbox 720 738 995 798; x_wconf 65' lang='lat' dir='ltr'>stabilienda,</span> <span class='ocrx_word' id='word_1_66' title='bbox 1024 754 1168 784; x_wconf 89' lang='lat' dir='ltr'>totum</span> <span class='ocrx_word' id='word_1_67' title='bbox 1195 732 1313 799; x_wconf 74' lang='lat' dir='ltr'>paene</span> <span class='ocrx_word' id='word_1_68' title='bbox 1343 732 1644 782; x_wconf 72' lang='lat' dir='ltr'>Christianum</span> <span class='ocrx_word' id='word_1_69' title='bbox 1674 731 1826 778; x_wconf 86' lang='lat' dir='ltr'>orbem</span> <span class='ocrx_word' id='word_1_70' title='bbox 1847 731 1913 778; x_wconf 78' lang='lat' dir='ltr'>sui.</span> <span class='ocrx_word' id='word_1_71' title='bbox 1933 737 2121 780; x_wconf 84' lang='lat' dir='ltr'>nominis</span> 
     </span>
     <span class='ocr_line' id='line_1_9' title="bbox 467 794 2121 871; baseline -0.005 -17"><span class='ocrx_word' id='word_1_72' title='bbox 467 794 601 871; x_wconf 55' lang='lat' dir='ltr'>glori&amp;</span> <span class='ocrx_word' id='word_1_73' title='bbox 617 804 958 869; x_wconf 84' lang='lat' dir='ltr'>compleuetunt.</span> <span class='ocrx_word' id='word_1_74' title='bbox 1002 806 1245 866; x_wconf 85' lang='lat' dir='ltr'>Oignauos</span> <span class='ocrx_word' id='word_1_75' title='bbox 1274 817 1351 847; x_wconf 85' lang='lat' dir='ltr'>nos</span> <span class='ocrx_word' id='word_1_76' title='bbox 1387 817 1433 845; x_wconf 90' lang='lat' dir='ltr'>ac</span> <span class='ocrx_word' id='word_1_77' title='bbox 1463 797 1713 859; x_wconf 78' lang='lat' dir='ltr'>degeneres,</span> <span class='ocrx_word' id='word_1_78' title='bbox 1743 795 1773 843; x_wconf 87' lang='lat' dir='ltr'>fi</span> <span class='ocrx_word' id='word_1_79' title='bbox 1811 815 1959 844; x_wconf 87' lang='lat' dir='ltr'>eorum</span> <span class='ocrx_word' id='word_1_80' title='bbox 1999 798 2121 846; x_wconf 80' lang='lat' dir='ltr'>labo-</span> 
     </span>
     <span class='ocr_line' id='line_1_10' title="bbox 471 861 2120 931; baseline -0.004 -13"><span class='ocrx_word' id='word_1_81' title='bbox 471 891 529 918; x_wconf 83' lang='lat' dir='ltr'>res</span> <span class='ocrx_word' id='word_1_82' title='bbox 547 891 600 919; x_wconf 61' lang='lat' dir='ltr'>ac⁴</span> <span class='ocrx_word' id='word_1_83' title='bbox 613 871 806 918; x_wconf 86' lang='lat' dir='ltr'>heroicas</span> <span class='ocrx_word' id='word_1_84' title='bbox 824 874 998 918; x_wconf 86' lang='lat' dir='ltr'>virtutes</span> <span class='ocrx_word' id='word_1_85' title='bbox 1018 867 1218 931; x_wconf 81' lang='lat' dir='ltr'>suspicere</span> <span class='ocrx_word' id='word_1_86' title='bbox 1236 863 1376 929; x_wconf 70' lang='lat' dir='ltr'>potius</span> <span class='ocrx_word' id='word_1_87' title='bbox 1389 903 1402 923; x_wconf 87' lang='grc'>,</span> <span class='ocrx_word' id='word_1_88' title='bbox 1429 861 1563 925; x_wconf 65' lang='lat' dir='ltr'>quam</span> <span class='ocrx_word' id='word_1_89' title='bbox 1579 862 1773 909; x_wconf 76' lang='lat' dir='ltr'>aeinulari</span> <span class='ocrx_word' id='word_1_90' title='bbox 1787 861 2018 925; x_wconf 86' lang='lat' dir='ltr'>pulchrum</span> <span class='ocrx_word' id='word_1_91' title='bbox 2037 866 2120 911; x_wconf 84' lang='lat' dir='ltr'>du-</span> 
     </span>
     <span class='ocr_line' id='line_1_11' title="bbox 467 926 2120 1000; baseline -0.005 -16"><span class='ocrx_word' id='word_1_92' title='bbox 467 941 632 994; x_wconf 78' lang='lat' dir='ltr'>cimus;</span> <span class='ocrx_word' id='word_1_93' title='bbox 675 934 706 983; x_wconf 83' lang='lat' dir='ltr'>si</span> <span class='ocrx_word' id='word_1_94' title='bbox 744 954 906 983; x_wconf 87' lang='lat' dir='ltr'>eorum·</span> <span class='ocrx_word' id='word_1_95' title='bbox 929 935 1114 1000; x_wconf 75' lang='lat' dir='ltr'>gloriam</span> <span class='ocrx_word' id='word_1_96' title='bbox 1146 932 1303 979; x_wconf 86' lang='lat' dir='ltr'>honori</span> <span class='ocrx_word' id='word_1_97' title='bbox 1340 927 1481 992; x_wconf 70' lang='lat' dir='ltr'>potius</span> <span class='ocrx_word' id='word_1_98' title='bbox 1521 946 1568 974; x_wconf 86' lang='lat' dir='ltr'>ac</span> <span class='ocrx_word' id='word_1_99' title='bbox 1607 927 1822 992; x_wconf 82' lang='lat' dir='ltr'>voluptati</span> <span class='ocrx_word' id='word_1_100' title='bbox 1860 926 1984 975; x_wconf 90' lang='lat' dir='ltr'>nobis</span> <span class='ocrx_word' id='word_1_101' title='bbox 2029 930 2120 990; x_wconf 80' lang='lat' dir='ltr'>esse,</span> 
     </span>
     <span class='ocr_line' id='line_1_12' title="bbox 467 993 2124 1067; baseline -0.004 -19"><span class='ocrx_word' id='word_1_102' title='bbox 467 1003 604 1067; x_wconf 74' lang='lat' dir='ltr'>quam</span> <span class='ocrx_word' id='word_1_103' title='bbox 637 1001 816 1048; x_wconf 89' lang='lat' dir='ltr'>stimulo</span> <span class='ocrx_word' id='word_1_104' title='bbox 845 1000 898 1048; x_wconf 88' lang='lat' dir='ltr'>ad</span> <span class='ocrx_word' id='word_1_105' title='bbox 926 1000 1056 1046; x_wconf 85' lang='lat' dir='ltr'>ardua</span> <span class='ocrx_word' id='word_1_106' title='bbox 1083 1013 1267 1060; x_wconf 62' lang='lat' dir='ltr'>quaeque</span> <span class='ocrx_word' id='word_1_107' title='bbox 1290 993 1554 1057; x_wconf 86' lang='lat' dir='ltr'>suscipienda</span> <span class='ocrx_word' id='word_1_108' title='bbox 1585 994 1820 1041; x_wconf 80' lang='lat' dir='ltr'>credimus!</span> <span class='ocrx_word' id='word_1_109' title='bbox 1869 996 1970 1040; x_wconf 91' lang='lat' dir='ltr'>Hoc</span> <span class='ocrx_word' id='word_1_110' title='bbox 2000 998 2124 1058; x_wconf 76' lang='lat' dir='ltr'>igitur</span> 
     </span>
     <span class='ocr_line' id='line_1_13' title="bbox 469 1057 2123 1133; baseline -0.005 -18"><span class='ocrx_word' id='word_1_111' title='bbox 469 1086 664 1133; x_wconf 80' lang='lat' dir='ltr'>agamus:</span> <span class='ocrx_word' id='word_1_112' title='bbox 685 1066 854 1114; x_wconf 87' lang='lat' dir='ltr'>nullum</span> <span class='ocrx_word' id='word_1_113' title='bbox 878 1064 1005 1123; x_wconf 86' lang='lat' dir='ltr'>officij</span> <span class='ocrx_word' id='word_1_114' title='bbox 1035 1079 1165 1125; x_wconf 81' lang='lat' dir='ltr'>genus</span> <span class='ocrx_word' id='word_1_115' title='bbox 1192 1062 1564 1124; x_wconf 71' lang='lat' dir='ltr'>praetermittamus</span> <span class='ocrx_word' id='word_1_116' title='bbox 1585 1099 1596 1119; x_wconf 84' lang='lat'><em>,</em></span> <span class='ocrx_word' id='word_1_117' title='bbox 1624 1077 1700 1106; x_wconf 91' lang='lat' dir='ltr'>nec</span> <span class='ocrx_word' id='word_1_118' title='bbox 1729 1057 1870 1107; x_wconf 84' lang='lat' dir='ltr'>sudori</span> <span class='ocrx_word' id='word_1_119' title='bbox 1900 1076 2123 1122; x_wconf 81' lang='lat' dir='ltr'>parcamus</span> 
     </span>
     <span class='ocr_line' id='line_1_14' title="bbox 468 1122 2124 1197; baseline -0.004 -17"><span class='ocrx_word' id='word_1_120' title='bbox 468 1152 546 1180; x_wconf 92' lang='lat' dir='ltr'>nec</span> <span class='ocrx_word' id='word_1_121' title='bbox 563 1133 773 1197; x_wconf 85' lang='lat' dir='ltr'>sanguini,</span> <span class='ocrx_word' id='word_1_122' title='bbox 793 1147 838 1178; x_wconf 87' lang='lat' dir='ltr'>vr.</span> <span class='ocrx_word' id='word_1_123' title='bbox 852 1132 1076 1191; x_wconf 81' lang='lat' dir='ltr'>antiquam</span> <span class='ocrx_word' id='word_1_124' title='bbox 1093 1129 1239 1190; x_wconf 83' lang='lat' dir='ltr'>patriae</span> <span class='ocrx_word' id='word_1_125' title='bbox 1255 1125 1409 1172; x_wconf 72' lang='lat' dir='ltr'>nostrae</span> <span class='ocrx_word' id='word_1_126' title='bbox 1426 1131 1626 1190; x_wconf 84' lang='lat' dir='ltr'>pietatem</span> <span class='ocrx_word' id='word_1_127' title='bbox 1649 1144 1697 1172; x_wconf 82' lang='lat' dir='ltr'>ac</span> <span class='ocrx_word' id='word_1_128' title='bbox 1715 1123 1970 1189; x_wconf 73' lang='lat' dir='ltr'>religionem</span> <span class='ocrx_word' id='word_1_129' title='bbox 1995 1122 2124 1174; x_wconf 84' lang='lat' dir='ltr'>etiam</span> 
     </span>
     <span class='ocr_line' id='line_1_15' title="bbox 468 1189 2127 1258; baseline -0.004 -12"><span class='ocrx_word' id='word_1_130' title='bbox 468 1218 571 1246; x_wconf 90' lang='lat' dir='ltr'>cum</span> <span class='ocrx_word' id='word_1_131' title='bbox 586 1199 750 1245; x_wconf 81' lang='lat' dir='ltr'>foenore</span> <span class='ocrx_word' id='word_1_132' title='bbox 774 1190 1047 1258; x_wconf 74' lang='lat' dir='ltr'>postliminio</span> <span class='ocrx_word' id='word_1_133' title='bbox 1067 1190 1367 1239; x_wconf 82' lang='lat' dir='ltr'>redhibeamus</span> <span class='ocrx_word' id='word_1_134' title='bbox 1391 1228 1400 1236; x_wconf 93' lang='lat'><strong>.</strong></span> <span class='ocrx_word' id='word_1_135' title='bbox 1443 1195 1485 1251; x_wconf 67' lang='lat'>§1</span> <span class='ocrx_word' id='word_1_136' title='bbox 1510 1196 1737 1255; x_wconf 74' lang='lat' dir='ltr'>negotium</span> <span class='ocrx_word' id='word_1_137' title='bbox 1759 1189 1842 1238; x_wconf 84' lang='lat' dir='ltr'>hoc</span> <span class='ocrx_word' id='word_1_138' title='bbox 1868 1191 2028 1239; x_wconf 82' lang='lat' dir='ltr'>viribus</span> <span class='ocrx_word' id='word_1_139' title='bbox 2046 1209 2127 1239; x_wconf 91' lang='lat' dir='ltr'>no-</span> 
     </span>
     <span class='ocr_line' id='line_1_16' title="bbox 469 1254 2126 1325; baseline -0.003 -14"><span class='ocrx_word' id='word_1_140' title='bbox 469 1264 560 1311; x_wconf 83' lang='lat' dir='ltr'>stris</span> <span class='ocrx_word' id='word_1_141' title='bbox 579 1266 719 1325; x_wconf 84' lang='lat' dir='ltr'>impar</span> <span class='ocrx_word' id='word_1_142' title='bbox 735 1258 1028 1306; x_wconf 81' lang='lat' dir='ltr'>existimamus</span> <span class='ocrx_word' id='word_1_143' title='bbox 1044 1257 1283 1317; x_wconf 79' lang='lat' dir='ltr'>,habemus</span> <span class='ocrx_word' id='word_1_144' title='bbox 1313 1261 1425 1305; x_wconf 86' lang='lat' dir='ltr'>viros</span> <span class='ocrx_word' id='word_1_145' title='bbox 1446 1254 1781 1322; x_wconf 76' lang='lat' dir='ltr'>religiosissimos</span> <span class='ocrx_word' id='word_1_146' title='bbox 1817 1255 1894 1304; x_wconf 90' lang='lat' dir='ltr'>sub</span> <span class='ocrx_word' id='word_1_147' title='bbox 1922 1260 2044 1305; x_wconf 86' lang='lat' dir='ltr'>variis</span> <span class='ocrx_word' id='word_1_148' title='bbox 2074 1255 2126 1306; x_wconf 86' lang='lat' dir='ltr'>fi-</span> 
     </span>
     <span class='ocr_line' id='line_1_17' title="bbox 469 1321 2125 1392; baseline -0.003 -17"><span class='ocrx_word' id='word_1_149' title='bbox 469 1332 562 1392; x_wconf 84' lang='lat' dir='ltr'>gnis</span> <span class='ocrx_word' id='word_1_150' title='bbox 584 1330 622 1372; x_wconf 90' lang='lat' dir='ltr'>C</span> <span class='ocrx_word' id='word_1_151' title='bbox 638 1343 671 1373; x_wconf 85' lang='lat' dir='ltr'><strong>H</strong></span> <span class='ocrx_word' id='word_1_152' title='bbox 687 1342 718 1373; x_wconf 86' lang='lat' dir='ltr'>R</span> <span class='ocrx_word' id='word_1_153' title='bbox 736 1342 749 1371; x_wconf 92' lang='lat'>1</span> <span class='ocrx_word' id='word_1_154' title='bbox 770 1343 788 1371; x_wconf 88' lang='lat' dir='ltr'>s</span> <span class='ocrx_word' id='word_1_155' title='bbox 804 1341 833 1372; x_wconf 88' lang='lat' dir='ltr'>T</span> <span class='ocrx_word' id='word_1_156' title='bbox 847 1341 878 1371; x_wconf 91' lang='lat' dir='ltr'>o</span> <span class='ocrx_word' id='word_1_157' title='bbox 907 1326 1151 1371; x_wconf 59' lang='lat' dir='ltr'>auitoratos</span> <span class='ocrx_word' id='word_1_158' title='bbox 1165 1363 1178 1383; x_wconf 82' lang='lat'><em>‚</em></span> <span class='ocrx_word' id='word_1_159' title='bbox 1199 1327 1274 1386; x_wconf 84' lang='lat' dir='ltr'>qui</span> <span class='ocrx_word' id='word_1_160' title='bbox 1298 1322 1336 1368; x_wconf 89' lang='lat' dir='ltr'>se</span> <span class='ocrx_word' id='word_1_161' title='bbox 1356 1326 1400 1369; x_wconf 91' lang='lat' dir='ltr'>in</span> <span class='ocrx_word' id='word_1_162' title='bbox 1425 1323 1553 1370; x_wconf 79' lang='lat' dir='ltr'>huius</span> <span class='ocrx_word' id='word_1_163' title='bbox 1578 1321 1735 1369; x_wconf 88' lang='lat' dir='ltr'>laboris</span> <span class='ocrx_word' id='word_1_164' title='bbox 1765 1322 2010 1369; x_wconf 84' lang='lat' dir='ltr'>societatem</span> <span class='ocrx_word' id='word_1_165' title='bbox 2042 1362 2053 1382; x_wconf 88' lang='lat'><strong><em>,</em></strong></span> <span class='ocrx_word' id='word_1_166' title='bbox 2081 1327 2125 1370; x_wconf 91' lang='lat' dir='ltr'>in</span> 
     </span>
     <span class='ocr_line' id='line_1_18' title="bbox 469 1386 2128 1452; baseline -0.004 -12"><span class='ocrx_word' id='word_1_167' title='bbox 469 1396 595 1441; x_wconf 90' lang='lat' dir='ltr'>huius</span> <span class='ocrx_word' id='word_1_168' title='bbox 623 1391 787 1438; x_wconf 80' lang='lat' dir='ltr'>militiae</span> <span class='ocrx_word' id='word_1_169' title='bbox 813 1392 1146 1437; x_wconf 87' lang='lat' dir='ltr'>contubernium</span> <span class='ocrx_word' id='word_1_170' title='bbox 1163 1428 1176 1448; x_wconf 83' lang='lat'>,</span> <span class='ocrx_word' id='word_1_171' title='bbox 1202 1392 1244 1435; x_wconf 90' lang='lat' dir='ltr'>in</span> <span class='ocrx_word' id='word_1_172' title='bbox 1282 1387 1407 1434; x_wconf 81' lang='lat' dir='ltr'>liuius</span> <span class='ocrx_word' id='word_1_173' title='bbox 1441 1387 1588 1452; x_wconf 81' lang='lat' dir='ltr'>gloriae</span> <span class='ocrx_word' id='word_1_174' title='bbox 1622 1391 1988 1448; x_wconf 85' lang='lat' dir='ltr'>communionem</span> <span class='ocrx_word' id='word_1_175' title='bbox 2018 1386 2128 1434; x_wconf 80' lang='lat' dir='ltr'>offe-</span> 
     </span>
     <span class='ocr_line' id='line_1_19' title="bbox 469 1451 2127 1520; baseline -0.001 -16"><span class='ocrx_word' id='word_1_176' title='bbox 469 1472 595 1518; x_wconf 82' lang='lat' dir='ltr'>runt,</span> <span class='ocrx_word' id='word_1_177' title='bbox 612 1454 704 1503; x_wconf 75' lang='lat' dir='ltr'>imo</span> <span class='ocrx_word' id='word_1_178' title='bbox 733 1458 807 1520; x_wconf 86' lang='lat' dir='ltr'>qui</span> <span class='ocrx_word' id='word_1_179' title='bbox 833 1454 1010 1503; x_wconf 85' lang='lat' dir='ltr'>fortaslis</span> <span class='ocrx_word' id='word_1_180' title='bbox 1037 1452 1304 1518; x_wconf 76' lang='lat' dir='ltr'>antesignani</span> <span class='ocrx_word' id='word_1_181' title='bbox 1330 1453 1483 1499; x_wconf 86' lang='lat' dir='ltr'>censeri</span> <span class='ocrx_word' id='word_1_182' title='bbox 1512 1469 1712 1518; x_wconf 89' lang='lat' dir='ltr'>poterunt</span> <span class='ocrx_word' id='word_1_183' title='bbox 1733 1471 1781 1500; x_wconf 91' lang='lat' dir='ltr'>ac</span> <span class='ocrx_word' id='word_1_184' title='bbox 1801 1456 1967 1500; x_wconf 87' lang='lat' dir='ltr'>Duces.</span> <span class='ocrx_word' id='word_1_185' title='bbox 2010 1451 2127 1503; x_wconf 70' lang='lat' dir='ltr'>Cum</span> 
     </span>
     <span class='ocr_line' id='line_1_20' title="bbox 469 1517 2129 1583; baseline -0.002 -14"><span class='ocrx_word' id='word_1_186' title='bbox 469 1526 585 1570; x_wconf 89' lang='lat' dir='ltr'>enim</span> <span class='ocrx_word' id='word_1_187' title='bbox 612 1521 913 1569; x_wconf 84' lang='lat' dir='ltr'>animaduerto</span> <span class='ocrx_word' id='word_1_188' title='bbox 944 1520 1267 1583; x_wconf 85' lang='lat' dir='ltr'>Religiosorum</span> <span class='ocrx_word' id='word_1_189' title='bbox 1291 1518 1488 1566; x_wconf 77' lang='lat' dir='ltr'>Familias</span> <span class='ocrx_word' id='word_1_190' title='bbox 1532 1517 1683 1582; x_wconf 84' lang='lat' dir='ltr'>paffim</span> <span class='ocrx_word' id='word_1_191' title='bbox 1720 1535 1815 1566; x_wconf 92' lang='lat' dir='ltr'>toto</span> <span class='ocrx_word' id='word_1_192' title='bbox 1842 1517 1993 1583; x_wconf 87' lang='lat' dir='ltr'>Belgio</span> <span class='ocrx_word' id='word_1_193' title='bbox 2022 1524 2129 1567; x_wconf 86' lang='lat' dir='ltr'>reui-</span> 
     </span>
     <span class='ocr_line' id='line_1_21' title="bbox 470 1583 2127 1648; baseline -0.002 -14"><span class='ocrx_word' id='word_1_194' title='bbox 470 1588 636 1646; x_wconf 86' lang='lat' dir='ltr'>rescere,</span> <span class='ocrx_word' id='word_1_195' title='bbox 663 1594 706 1634; x_wconf 86' lang='lat'>&amp;</span> <span class='ocrx_word' id='word_1_196' title='bbox 725 1586 876 1633; x_wconf 73' lang='lat' dir='ltr'>mutu-3.</span> <span class='ocrx_word' id='word_1_197' title='bbox 891 1590 1057 1635; x_wconf 88' lang='lat' dir='ltr'>virtutis</span> <span class='ocrx_word' id='word_1_198' title='bbox 1077 1584 1353 1632; x_wconf 66' lang='lat' dir='ltr'>aemulatione</span> <span class='ocrx_word' id='word_1_199' title='bbox 1381 1587 1570 1643; x_wconf 78' lang='lat' dir='ltr'>excitari3</span> <span class='ocrx_word' id='word_1_200' title='bbox 1599 1583 1860 1634; x_wconf 85' lang='lat' dir='ltr'>iamdudum</span> <span class='ocrx_word' id='word_1_201' title='bbox 1884 1585 1995 1632; x_wconf 76' lang='lat' dir='ltr'>mihi</span> <span class='ocrx_word' id='word_1_202' title='bbox 2023 1603 2127 1648; x_wconf 65' lang='lat' dir='ltr'>prae.-</span> 
     </span>
     <span class='ocr_line' id='line_1_22' title="bbox 468 1648 2131 1718; baseline 0 -19"><span class='ocrx_word' id='word_1_203' title='bbox 468 1652 573 1718; x_wconf 82' lang='lat' dir='ltr'>sagit</span> <span class='ocrx_word' id='word_1_204' title='bbox 591 1656 759 1699; x_wconf 86' lang='lat' dir='ltr'>animus</span> <span class='ocrx_word' id='word_1_205' title='bbox 788 1692 800 1713; x_wconf 83' lang='grc'>,</span> <span class='ocrx_word' id='word_1_206' title='bbox 823 1669 889 1699; x_wconf 89' lang='lat' dir='ltr'>tot</span> <span class='ocrx_word' id='word_1_207' title='bbox 917 1652 1137 1700; x_wconf 88' lang='lat' dir='ltr'>bonorum</span> <span class='ocrx_word' id='word_1_208' title='bbox 1158 1668 1262 1699; x_wconf 83' lang='lat' dir='ltr'>vota</span> <span class='ocrx_word' id='word_1_209' title='bbox 1286 1668 1333 1697; x_wconf 87' lang='lat' dir='ltr'>ac</span> <span class='ocrx_word' id='word_1_210' title='bbox 1362 1649 1533 1714; x_wconf 82' lang='lat' dir='ltr'>suspiria</span> <span class='ocrx_word' id='word_1_211' title='bbox 1562 1667 1640 1714; x_wconf 92' lang='lat' dir='ltr'>pro</span> <span class='ocrx_word' id='word_1_212' title='bbox 1672 1648 1956 1698; x_wconf 61' lang='lat' dir='ltr'>affli&amp;iffimo</span> <span class='ocrx_word' id='word_1_213' title='bbox 1979 1651 2131 1715; x_wconf 83' lang='lat' dir='ltr'>Belgio</span> 
     </span>
     <span class='ocr_line' id='line_1_23' title="bbox 470 1714 2130 1781; baseline -0.001 -16"><span class='ocrx_word' id='word_1_214' title='bbox 470 1718 616 1767; x_wconf 85' lang='lat' dir='ltr'>nostro</span> <span class='ocrx_word' id='word_1_215' title='bbox 633 1718 808 1766; x_wconf 87' lang='lat' dir='ltr'>tandem</span> <span class='ocrx_word' id='word_1_216' title='bbox 824 1721 924 1764; x_wconf 90' lang='lat' dir='ltr'>Deo</span> <span class='ocrx_word' id='word_1_217' title='bbox 941 1716 1060 1764; x_wconf 89' lang='lat' dir='ltr'>cordi</span> <span class='ocrx_word' id='word_1_218' title='bbox 1078 1717 1179 1763; x_wconf 89' lang='lat' dir='ltr'>fore.</span> <span class='ocrx_word' id='word_1_219' title='bbox 1209 1717 1342 1781; x_wconf 87' lang='lat' dir='ltr'>Agite</span> <span class='ocrx_word' id='word_1_220' title='bbox 1369 1733 1487 1780; x_wconf 82' lang='lat' dir='ltr'>ergo,</span> <span class='ocrx_word' id='word_1_221' title='bbox 1506 1723 1549 1763; x_wconf 85' lang='lat'>&amp;</span> <span class='ocrx_word' id='word_1_222' title='bbox 1567 1714 1622 1764; x_wconf 88' lang='lat' dir='ltr'>ab</span> <span class='ocrx_word' id='word_1_223' title='bbox 1637 1716 1728 1763; x_wconf 86' lang='lat' dir='ltr'>aliis</span> <span class='ocrx_word' id='word_1_224' title='bbox 1747 1715 1856 1763; x_wconf 73' lang='lat' dir='ltr'>bene</span> <span class='ocrx_word' id='word_1_225' title='bbox 1873 1732 2012 1780; x_wconf 86' lang='lat' dir='ltr'>coepta</span> <span class='ocrx_word' id='word_1_226' title='bbox 2031 1717 2130 1765; x_wconf 80' lang='lat' dir='ltr'>stre-</span> 
     </span>
     <span class='ocr_line' id='line_1_24' title="bbox 470 1780 2128 1847; baseline 0.001 -17"><span class='ocrx_word' id='word_1_227' title='bbox 470 1783 555 1831; x_wconf 75' lang='lat' dir='ltr'>nue</span> <span class='ocrx_word' id='word_1_228' title='bbox 572 1800 724 1847; x_wconf 69' lang='lat' dir='ltr'>vrgete:</span> <span class='ocrx_word' id='word_1_229' title='bbox 745 1802 834 1830; x_wconf 90' lang='lat' dir='ltr'>non</span> <span class='ocrx_word' id='word_1_230' title='bbox 855 1787 898 1830; x_wconf 92' lang='lat' dir='ltr'>in</span> <span class='ocrx_word' id='word_1_231' title='bbox 915 1782 1065 1830; x_wconf 87' lang='lat' dir='ltr'>limine</span> <span class='ocrx_word' id='word_1_232' title='bbox 1086 1800 1267 1846; x_wconf 89' lang='lat' dir='ltr'>operum</span> <span class='ocrx_word' id='word_1_233' title='bbox 1287 1780 1578 1847; x_wconf 71' lang='lat' dir='ltr'>laborumc&#39;lue</span> <span class='ocrx_word' id='word_1_234' title='bbox 1607 1782 1811 1829; x_wconf 83' lang='lat' dir='ltr'>standum</span> <span class='ocrx_word' id='word_1_235' title='bbox 1837 1781 1920 1840; x_wconf 73' lang='lat' dir='ltr'>est3</span> <span class='ocrx_word' id='word_1_236' title='bbox 1946 1780 2128 1831; x_wconf 79' lang='lat' dir='ltr'>aliorum</span> 
     </span>
     <span class='ocr_line' id='line_1_25' title="bbox 470 1846 2126 1913; baseline -0.002 -15"><span class='ocrx_word' id='word_1_237' title='bbox 470 1868 549 1898; x_wconf 86' lang='lat' dir='ltr'>vos</span> <span class='ocrx_word' id='word_1_238' title='bbox 569 1866 741 1897; x_wconf 85' lang='lat' dir='ltr'>conatus</span> <span class='ocrx_word' id='word_1_239' title='bbox 760 1848 811 1897; x_wconf 87' lang='lat' dir='ltr'>ad</span> <span class='ocrx_word' id='word_1_240' title='bbox 829 1847 1022 1899; x_wconf 85' lang='lat' dir='ltr'>vlteriora</span> <span class='ocrx_word' id='word_1_241' title='bbox 1039 1850 1240 1895; x_wconf 88' lang='lat' dir='ltr'>inuitant.</span> <span class='ocrx_word' id='word_1_242' title='bbox 1280 1846 1452 1904; x_wconf 86' lang='lat' dir='ltr'>Nolite,</span> <span class='ocrx_word' id='word_1_243' title='bbox 1471 1848 1594 1912; x_wconf 84' lang='lat' dir='ltr'>quod</span> <span class='ocrx_word' id='word_1_244' title='bbox 1616 1850 1723 1913; x_wconf 83' lang='lat' dir='ltr'>pigri</span> <span class='ocrx_word' id='word_1_245' title='bbox 1749 1847 1946 1913; x_wconf 78' lang='lat' dir='ltr'>agricola:</span> <span class='ocrx_word' id='word_1_246' title='bbox 1976 1847 2126 1908; x_wconf 90' lang='lat' dir='ltr'>solent,</span> 
     </span>
     <span class='ocr_line' id='line_1_26' title="bbox 471 1912 2130 1978; baseline 0 -16"><span class='ocrx_word' id='word_1_247' title='bbox 471 1914 631 1962; x_wconf 85' lang='lat' dir='ltr'>alienos</span> <span class='ocrx_word' id='word_1_248' title='bbox 644 1914 806 1963; x_wconf 87' lang='lat' dir='ltr'>labores</span> <span class='ocrx_word' id='word_1_249' title='bbox 826 1919 870 1961; x_wconf 89' lang='lat' dir='ltr'>in</span> <span class='ocrx_word' id='word_1_250' title='bbox 894 1915 1080 1962; x_wconf 88' lang='lat' dir='ltr'>semente</span> <span class='ocrx_word' id='word_1_251' title='bbox 1098 1913 1345 1962; x_wconf 85' lang='lat' dir='ltr'>destituere:</span> <span class='ocrx_word' id='word_1_252' title='bbox 1365 1931 1505 1978; x_wconf 86' lang='lat' dir='ltr'>neque</span> <span class='ocrx_word' id='word_1_253' title='bbox 1534 1930 1714 1962; x_wconf 86' lang='lat' dir='ltr'>terreant</span> <span class='ocrx_word' id='word_1_254' title='bbox 1738 1932 1814 1962; x_wconf 84' lang='lat' dir='ltr'>vos</span> <span class='ocrx_word' id='word_1_255' title='bbox 1839 1912 2130 1978; x_wconf 86' lang='lat' dir='ltr'>peruersorum</span> 
     </span>
     <span class='ocr_line' id='line_1_27' title="bbox 471 1979 2129 2046; baseline -0.001 -18"><span class='ocrx_word' id='word_1_256' title='bbox 471 1981 734 2046; x_wconf 86' lang='lat' dir='ltr'>dogmatum</span> <span class='ocrx_word' id='word_1_257' title='bbox 749 1981 900 2027; x_wconf 89' lang='lat' dir='ltr'>infesta</span> <span class='ocrx_word' id='word_1_258' title='bbox 918 1980 1129 2046; x_wconf 85' lang='lat' dir='ltr'>segetibus</span> <span class='ocrx_word' id='word_1_259' title='bbox 1149 1983 1342 2044; x_wconf 84' lang='lat' dir='ltr'>germina</span> <span class='ocrx_word' id='word_1_260' title='bbox 1362 2019 1374 2039; x_wconf 89' lang='lat'>,</span> <span class='ocrx_word' id='word_1_261' title='bbox 1399 1997 1495 2045; x_wconf 74' lang='lat' dir='ltr'>quae</span> <span class='ocrx_word' id='word_1_262' title='bbox 1512 1980 1709 2027; x_wconf 85' lang='lat' dir='ltr'>radicitus</span> <span class='ocrx_word' id='word_1_263' title='bbox 1736 1979 2006 2044; x_wconf 79' lang='lat' dir='ltr'>exstirpanda</span> <span class='ocrx_word' id='word_1_264' title='bbox 2021 1980 2129 2038; x_wconf 81' lang='lat' dir='ltr'>sunt3</span> 
     </span>
     <span class='ocr_line' id='line_1_28' title="bbox 471 2044 2130 2111; baseline 0 -18"><span class='ocrx_word' id='word_1_265' title='bbox 471 2064 561 2093; x_wconf 91' lang='lat' dir='ltr'>non</span> <span class='ocrx_word' id='word_1_266' title='bbox 586 2045 1036 2109; x_wconf 83' lang='lat' dir='ltr'>improborumfuror,</span> <span class='ocrx_word' id='word_1_267' title='bbox 1054 2065 1145 2094; x_wconf 90' lang='lat' dir='ltr'>non</span> <span class='ocrx_word' id='word_1_268' title='bbox 1162 2046 1437 2110; x_wconf 82' lang='lat' dir='ltr'>sanguinariae</span> <span class='ocrx_word' id='word_1_269' title='bbox 1462 2044 1597 2111; x_wconf 79' lang='lat' dir='ltr'>leges,</span> <span class='ocrx_word' id='word_1_270' title='bbox 1626 2064 1718 2092; x_wconf 87' lang='lat' dir='ltr'>non</span> <span class='ocrx_word' id='word_1_271' title='bbox 1737 2045 1824 2094; x_wconf 89' lang='lat' dir='ltr'>vlla</span> <span class='ocrx_word' id='word_1_272' title='bbox 1847 2050 1910 2094; x_wconf 89' lang='lat' dir='ltr'>vis</span> <span class='ocrx_word' id='word_1_273' title='bbox 1937 2045 2130 2093; x_wconf 81' lang='lat' dir='ltr'>hostium</span> 
     </span>
     <span class='ocr_line' id='line_1_29' title="bbox 471 2109 2131 2176; baseline 0.001 -20"><span class='ocrx_word' id='word_1_274' title='bbox 471 2116 550 2175; x_wconf 86' lang='lat' dir='ltr'>piis</span> <span class='ocrx_word' id='word_1_275' title='bbox 568 2113 706 2159; x_wconf 78' lang='lat' dir='ltr'>vestris</span> <span class='ocrx_word' id='word_1_276' title='bbox 727 2113 874 2160; x_wconf 88' lang='lat' dir='ltr'>studiis</span> <span class='ocrx_word' id='word_1_277' title='bbox 900 2129 1116 2160; x_wconf 85' lang='lat' dir='ltr'>remoram</span> <span class='ocrx_word' id='word_1_278' title='bbox 1136 2112 1310 2159; x_wconf 85' lang='lat' dir='ltr'>iniiciat.</span> <span class='ocrx_word' id='word_1_279' title='bbox 1350 2115 1498 2160; x_wconf 83' lang='lat' dir='ltr'>Virtus</span> <span class='ocrx_word' id='word_1_280' title='bbox 1516 2116 1561 2159; x_wconf 90' lang='lat' dir='ltr'>in</span> <span class='ocrx_word' id='word_1_281' title='bbox 1587 2112 1721 2161; x_wconf 88' lang='lat' dir='ltr'>arduo</span> <span class='ocrx_word' id='word_1_282' title='bbox 1749 2109 1913 2176; x_wconf 79' lang='lat' dir='ltr'>posita,</span> <span class='ocrx_word' id='word_1_283' title='bbox 1936 2111 2028 2176; x_wconf 76' lang='lat' dir='ltr'>quo</span> <span class='ocrx_word' id='word_1_284' title='bbox 2052 2110 2131 2158; x_wconf 87' lang='lat' dir='ltr'>du-</span> 
     </span>
     <span class='ocr_line' id='line_1_30' title="bbox 471 2176 2131 2242; baseline 0.001 -19"><span class='ocrx_word' id='word_1_285' title='bbox 471 2179 583 2224; x_wconf 84' lang='lat' dir='ltr'>riora</span> <span class='ocrx_word' id='word_1_286' title='bbox 600 2177 727 2225; x_wconf 86' lang='lat' dir='ltr'>habet</span> <span class='ocrx_word' id='word_1_287' title='bbox 743 2182 1033 2242; x_wconf 78' lang='lat' dir='ltr'>experimenta</span> <span class='ocrx_word' id='word_1_288' title='bbox 1051 2187 1094 2225; x_wconf 60' lang='grc' dir='ltr'>ὃς</span> <span class='ocrx_word' id='word_1_289' title='bbox 1113 2176 1372 2225; x_wconf 85' lang='lat' dir='ltr'>difficiliores</span> <span class='ocrx_word' id='word_1_290' title='bbox 1391 2176 1590 2225; x_wconf 82' lang='lat' dir='ltr'>successus</span> <span class='ocrx_word' id='word_1_291' title='bbox 1608 2217 1619 2237; x_wconf 88' lang='lat'>‚</span> <span class='ocrx_word' id='word_1_292' title='bbox 1636 2177 1687 2224; x_wconf 77' lang='lat' dir='ltr'>eo</span> <span class='ocrx_word' id='word_1_293' title='bbox 1711 2180 1861 2224; x_wconf 87' lang='lat' dir='ltr'>certius</span> <span class='ocrx_word' id='word_1_294' title='bbox 1890 2185 1933 2224; x_wconf 65' lang='grc' dir='ltr'>ὃς</span> <span class='ocrx_word' id='word_1_295' title='bbox 1961 2177 2131 2241; x_wconf 79' lang='lat' dir='ltr'>expedi-</span> 
     </span>
     <span class='ocr_line' id='line_1_31' title="bbox 472 2240 2133 2309; baseline 0.001 -21"><span class='ocrx_word' id='word_1_296' title='bbox 472 2245 552 2289; x_wconf 84' lang='lat' dir='ltr'>tius</span> <span class='ocrx_word' id='word_1_297' title='bbox 568 2240 647 2290; x_wconf 86' lang='lat' dir='ltr'>fibi</span> <span class='ocrx_word' id='word_1_298' title='bbox 664 2244 806 2292; x_wconf 88' lang='lat' dir='ltr'>sternit</span> <span class='ocrx_word' id='word_1_299' title='bbox 820 2248 896 2291; x_wconf 88' lang='lat' dir='ltr'>iter</span> <span class='ocrx_word' id='word_1_300' title='bbox 913 2244 965 2291; x_wconf 86' lang='lat' dir='ltr'>ad</span> <span class='ocrx_word' id='word_1_301' title='bbox 981 2243 1178 2309; x_wconf 77' lang='lat' dir='ltr'>gloriam.</span> <span class='ocrx_word' id='word_1_302' title='bbox 1196 2247 1436 2291; x_wconf 89' lang='lat' dir='ltr'>Intuemini</span> <span class='ocrx_word' id='word_1_303' title='bbox 1456 2242 1630 2292; x_wconf 85' lang='lat' dir='ltr'>Sodalcs</span> <span class='ocrx_word' id='word_1_304' title='bbox 1648 2243 1827 2303; x_wconf 81' lang='lat' dir='ltr'>vestros,</span> <span class='ocrx_word' id='word_1_305' title='bbox 1840 2261 1950 2308; x_wconf 86' lang='lat' dir='ltr'>quos</span> <span class='ocrx_word' id='word_1_306' title='bbox 1963 2260 2133 2290; x_wconf 86' lang='lat' dir='ltr'>eorum-</span> 
     </span>
     <span class='ocr_line' id='line_1_32' title="bbox 471 2307 2134 2374; baseline 0.002 -20"><span class='ocrx_word' id='word_1_307' title='bbox 471 2307 571 2355; x_wconf 85' lang='lat' dir='ltr'>dem</span> <span class='ocrx_word' id='word_1_308' title='bbox 590 2307 788 2357; x_wconf 85' lang='lat' dir='ltr'>laborum</span> <span class='ocrx_word' id='word_1_309' title='bbox 813 2329 860 2356; x_wconf 87' lang='lat' dir='ltr'>ae</span> <span class='ocrx_word' id='word_1_310' title='bbox 876 2309 1118 2358; x_wconf 87' lang='lat' dir='ltr'>studiorum</span> <span class='ocrx_word' id='word_1_311' title='bbox 1136 2309 1348 2357; x_wconf 88' lang='lat' dir='ltr'>consortes</span> <span class='ocrx_word' id='word_1_312' title='bbox 1366 2308 1532 2357; x_wconf 90' lang='lat' dir='ltr'>habetis</span> <span class='ocrx_word' id='word_1_313' title='bbox 1546 2349 1559 2369; x_wconf 83' lang='grc'>,</span> <span class='ocrx_word' id='word_1_314' title='bbox 1583 2313 1659 2374; x_wconf 89' lang='lat' dir='ltr'>qui</span> <span class='ocrx_word' id='word_1_315' title='bbox 1678 2308 1911 2358; x_wconf 76' lang='lat' dir='ltr'>vastisiima</span> <span class='ocrx_word' id='word_1_316' title='bbox 1927 2325 2134 2357; x_wconf 87' lang='lat' dir='ltr'>terrarum</span> 
     </span>
     <span class='ocr_line' id='line_1_33' title="bbox 475 2373 2135 2440; baseline 0.001 -20"><span class='ocrx_word' id='word_1_317' title='bbox 475 2375 726 2440; x_wconf 59' lang='lat' dir='ltr'>Oceaiiitjue</span> <span class='ocrx_word' id='word_1_318' title='bbox 743 2375 872 2440; x_wconf 83' lang='lat' dir='ltr'>spatia</span> <span class='ocrx_word' id='word_1_319' title='bbox 887 2375 1071 2436; x_wconf 79' lang='lat' dir='ltr'>emensi,</span> <span class='ocrx_word' id='word_1_320' title='bbox 1089 2392 1215 2423; x_wconf 85' lang='lat' dir='ltr'>terras</span> <span class='ocrx_word' id='word_1_321' title='bbox 1239 2379 1436 2440; x_wconf 87' lang='lat' dir='ltr'>aperiunt</span> <span class='ocrx_word' id='word_1_322' title='bbox 1451 2415 1464 2435; x_wconf 83' lang='lat'>,</span> <span class='ocrx_word' id='word_1_323' title='bbox 1493 2393 1596 2440; x_wconf 86' lang='lat' dir='ltr'>quas</span> <span class='ocrx_word' id='word_1_324' title='bbox 1618 2376 1721 2423; x_wconf 90' lang='lat' dir='ltr'>orbe</span> <span class='ocrx_word' id='word_1_325' title='bbox 1744 2391 1840 2423; x_wconf 86' lang='lat' dir='ltr'>toto</span> <span class='ocrx_word' id='word_1_326' title='bbox 1872 2392 2022 2422; x_wconf 83' lang='lat' dir='ltr'>natura</span> <span class='ocrx_word' id='word_1_327' title='bbox 2038 2373 2135 2422; x_wconf 90' lang='lat' dir='ltr'>sub-</span> 
     </span>
     <span class='ocr_line' id='line_1_34' title="bbox 478 2439 2133 2504; baseline 0.003 -21"><span class='ocrx_word' id='word_1_328' title='bbox 478 2443 641 2486; x_wconf 88' lang='lat' dir='ltr'>mouit:</span> <span class='ocrx_word' id='word_1_329' title='bbox 678 2446 755 2504; x_wconf 85' lang='lat' dir='ltr'>qui</span> <span class='ocrx_word' id='word_1_330' title='bbox 787 2440 888 2488; x_wconf 73' lang='lat' dir='ltr'>cum</span> <span class='ocrx_word' id='word_1_331' title='bbox 915 2446 958 2488; x_wconf 89' lang='lat' dir='ltr'>in</span> <span class='ocrx_word' id='word_1_332' title='bbox 981 2459 1169 2489; x_wconf 84' lang='lat' dir='ltr'>extremo</span> <span class='ocrx_word' id='word_1_333' title='bbox 1196 2441 1355 2491; x_wconf 89' lang='lat' dir='ltr'>mundi</span> <span class='ocrx_word' id='word_1_334' title='bbox 1376 2441 1515 2489; x_wconf 88' lang='lat' dir='ltr'>limite</span> <span class='ocrx_word' id='word_1_335' title='bbox 1533 2440 1770 2489; x_wconf 79' lang='lat' dir='ltr'>consistunt</span> <span class='ocrx_word' id='word_1_336' title='bbox 1788 2481 1801 2501; x_wconf 83' lang='lat'>‚</span> <span class='ocrx_word' id='word_1_337' title='bbox 1827 2439 1961 2488; x_wconf 86' lang='lat' dir='ltr'>alium</span> <span class='ocrx_word' id='word_1_338' title='bbox 2004 2443 2133 2488; x_wconf 86' lang='lat' dir='ltr'>etiam</span> 
     </span>
     <span class='ocr_line' id='line_1_35' title="bbox 477 2503 2135 2571; baseline 0.002 -23"><span class='ocrx_word' id='word_1_339' title='bbox 477 2503 693 2552; x_wconf 87' lang='lat' dir='ltr'>mundum</span> <span class='ocrx_word' id='word_1_340' title='bbox 709 2505 802 2553; x_wconf 90' lang='lat' dir='ltr'>zelo</span> <span class='ocrx_word' id='word_1_341' title='bbox 820 2510 895 2554; x_wconf 88' lang='lat' dir='ltr'>suo</span> <span class='ocrx_word' id='word_1_342' title='bbox 919 2506 1164 2571; x_wconf 85' lang='lat' dir='ltr'>designant,</span> <span class='ocrx_word' id='word_1_343' title='bbox 1190 2515 1233 2554; x_wconf 84' lang='lat'>&amp;</span> <span class='ocrx_word' id='word_1_344' title='bbox 1253 2525 1390 2554; x_wconf 90' lang='lat' dir='ltr'>nouas</span> <span class='ocrx_word' id='word_1_345' title='bbox 1415 2507 1559 2554; x_wconf 88' lang='lat' dir='ltr'>Indias</span> <span class='ocrx_word' id='word_1_346' title='bbox 1575 2511 1619 2554; x_wconf 92' lang='lat' dir='ltr'>in</span> <span class='ocrx_word' id='word_1_347' title='bbox 1636 2506 1769 2555; x_wconf 89' lang='lat' dir='ltr'>Indiis</span> <span class='ocrx_word' id='word_1_348' title='bbox 1802 2505 2035 2569; x_wconf 84' lang='lat' dir='ltr'>indagant:</span> <span class='ocrx_word' id='word_1_349' title='bbox 2058 2509 2135 2569; x_wconf 84' lang='lat' dir='ltr'>qui</span> 
     </span>
     <span class='ocr_line' id='line_1_36' title="bbox 479 2568 2137 2638; baseline 0.002 -25"><span class='ocrx_word' id='word_1_350' title='bbox 479 2568 586 2615; x_wconf 90' lang='lat' dir='ltr'>dum</span> <span class='ocrx_word' id='word_1_351' title='bbox 607 2570 782 2619; x_wconf 88' lang='lat' dir='ltr'>incultas</span> <span class='ocrx_word' id='word_1_352' title='bbox 802 2576 1062 2637; x_wconf 77' lang='lat' dir='ltr'>Paraquariae</span> <span class='ocrx_word' id='word_1_353' title='bbox 1087 2572 1335 2621; x_wconf 87' lang='lat' dir='ltr'>solitudines</span> <span class='ocrx_word' id='word_1_354' title='bbox 1357 2589 1642 2638; x_wconf 85' lang='lat' dir='ltr'>peruagantur</span> <span class='ocrx_word' id='word_1_355' title='bbox 1657 2613 1670 2633; x_wconf 82' lang='lat'>,</span> <span class='ocrx_word' id='word_1_356' title='bbox 1689 2577 1734 2620; x_wconf 85' lang='lat' dir='ltr'>in</span> <span class='ocrx_word' id='word_1_357' title='bbox 1757 2570 1855 2636; x_wconf 86' lang='lat' dir='ltr'>ipsis</span> <span class='ocrx_word' id='word_1_358' title='bbox 1882 2575 2012 2618; x_wconf 83' lang='lat' dir='ltr'>etiam</span> <span class='ocrx_word' id='word_1_359' title='bbox 2038 2570 2137 2618; x_wconf 89' lang='lat' dir='ltr'>sub-</span> 
     </span>
     <span class='ocr_line' id='line_1_37' title="bbox 481 2635 2135 2703; baseline 0.004 -26"><span class='ocrx_word' id='word_1_360' title='bbox 481 2639 674 2681; x_wconf 81' lang='lat' dir='ltr'>terraneis</span> <span class='ocrx_word' id='word_1_361' title='bbox 691 2636 895 2699; x_wconf 86' lang='lat' dir='ltr'>specubus</span> <span class='ocrx_word' id='word_1_362' title='bbox 917 2648 960 2686; x_wconf 87' lang='lat'>&amp;</span> <span class='ocrx_word' id='word_1_363' title='bbox 979 2637 1391 2702; x_wconf 35' lang='lat' dir='ltr'>cauernis-barbaros</span> <span class='ocrx_word' id='word_1_364' title='bbox 1410 2639 1686 2703; x_wconf 85' lang='lat' dir='ltr'>inuestigant:</span> <span class='ocrx_word' id='word_1_365' title='bbox 1706 2654 1753 2686; x_wconf 90' lang='lat' dir='ltr'>vt</span> <span class='ocrx_word' id='word_1_366' title='bbox 1770 2657 1860 2684; x_wconf 90' lang='lat' dir='ltr'>non</span> <span class='ocrx_word' id='word_1_367' title='bbox 1886 2636 2025 2685; x_wconf 74' lang='lat' dir='ltr'>modo</span> <span class='ocrx_word' id='word_1_368' title='bbox 2039 2635 2135 2684; x_wconf 77' lang='lat' dir='ltr'>solis</span> 
     </span>
     <span class='ocr_line' id='line_1_38' title="bbox 480 2698 2134 2769; baseline 0.004 -27"><span class='ocrx_word' id='word_1_369' title='bbox 480 2698 650 2745; x_wconf 85' lang='lat' dir='ltr'>cursum</span> <span class='ocrx_word' id='word_1_370' title='bbox 667 2718 804 2747; x_wconf 86' lang='lat' dir='ltr'>rerum</span> <span class='ocrx_word' id='word_1_371' title='bbox 829 2705 1040 2765; x_wconf 85' lang='lat' dir='ltr'>gestarum</span> <span class='ocrx_word' id='word_1_372' title='bbox 1066 2702 1200 2768; x_wconf 62' lang='lat' dir='ltr'>gloria</span> <span class='ocrx_word' id='word_1_373' title='bbox 1216 2722 1454 2769; x_wconf 71' lang='lat' dir='ltr'>exaequent,</span> <span class='ocrx_word' id='word_1_374' title='bbox 1469 2704 1536 2753; x_wconf 89' lang='lat' dir='ltr'>sed</span> <span class='ocrx_word' id='word_1_375' title='bbox 1550 2706 1602 2752; x_wconf 73' lang='lat' dir='ltr'>eo</span> <span class='ocrx_word' id='word_1_376' title='bbox 1620 2708 1750 2752; x_wconf 87' lang='lat' dir='ltr'>etiam</span> <span class='ocrx_word' id='word_1_377' title='bbox 1775 2707 1960 2753; x_wconf 84' lang='lat' dir='ltr'>veritatis</span> <span class='ocrx_word' id='word_1_378' title='bbox 1986 2702 2134 2749; x_wconf 88' lang='lat' dir='ltr'>lumen</span> 
     </span>
     <span class='ocr_line' id='line_1_39' title="bbox 480 2762 2134 2834; baseline 0.004 -27"><span class='ocrx_word' id='word_1_379' title='bbox 480 2762 676 2823; x_wconf 78' lang='lat' dir='ltr'>inferant,</span> <span class='ocrx_word' id='word_1_380' title='bbox 688 2766 776 2827; x_wconf 77' lang='lat' dir='ltr'>quo</span> <span class='ocrx_word' id='word_1_381' title='bbox 794 2764 861 2813; x_wconf 91' lang='lat' dir='ltr'>ille</span> <span class='ocrx_word' id='word_1_382' title='bbox 881 2768 1019 2814; x_wconf 84' lang='lat' dir='ltr'>radios</span> <span class='ocrx_word' id='word_1_383' title='bbox 1035 2768 1127 2815; x_wconf 85' lang='lat' dir='ltr'>suos</span> <span class='ocrx_word' id='word_1_384' title='bbox 1147 2788 1236 2816; x_wconf 93' lang='lat' dir='ltr'>non</span> <span class='ocrx_word' id='word_1_385' title='bbox 1254 2775 1397 2834; x_wconf 91' lang='lat' dir='ltr'>potuit</span> <span class='ocrx_word' id='word_1_386' title='bbox 1413 2771 1576 2818; x_wconf 89' lang='lat' dir='ltr'>inferre.</span> <span class='ocrx_word' id='word_1_387' title='bbox 1622 2774 1799 2817; x_wconf 85' lang='lat' dir='ltr'>Horum</span> <span class='ocrx_word' id='word_1_388' title='bbox 1818 2767 1849 2818; x_wconf 81' lang='lat' dir='ltr'>si</span> <span class='ocrx_word' id='word_1_389' title='bbox 1867 2788 1943 2818; x_wconf 90' lang='lat' dir='ltr'>vos</span> <span class='ocrx_word' id='word_1_390' title='bbox 1961 2766 2134 2815; x_wconf 76' lang='lat' dir='ltr'>:emula-</span> 
     </span>
     <span class='ocr_line' id='line_1_40' title="bbox 482 2830 2133 2887; baseline 0.004 -15"><span class='ocrx_word' id='word_1_391' title='bbox 482 2830 546 2874; x_wconf 89' lang='lat' dir='ltr'>tio</span> <span class='ocrx_word' id='word_1_392' title='bbox 563 2830 818 2887; x_wconf 81' lang='lat' dir='ltr'>accenderit3</span> <span class='ocrx_word' id='word_1_393' title='bbox 845 2849 934 2878; x_wconf 93' lang='lat' dir='ltr'>non</span> <span class='ocrx_word' id='word_1_394' title='bbox 964 2832 1140 2880; x_wconf 88' lang='lat' dir='ltr'>deerunt</span> <span class='ocrx_word' id='word_1_395' title='bbox 1167 2834 1237 2880; x_wconf 73' lang='lat' dir='ltr'>liic</span> <span class='ocrx_word' id='word_1_396' title='bbox 1261 2835 1546 2884; x_wconf 83' lang='lat' dir='ltr'>inflammatis</span> <span class='ocrx_word' id='word_1_397' title='bbox 1574 2833 1785 2883; x_wconf 80' lang='lat' dir='ltr'>desideriis</span> <span class='ocrx_word' id='word_1_398' title='bbox 1812 2834 1955 2886; x_wconf 88' lang='lat' dir='ltr'>vestris</span> <span class='ocrx_word' id='word_1_399' title='bbox 1986 2833 2133 2880; x_wconf 80' lang='lat' dir='ltr'>Indiae:</span> 
     </span>
     <span class='ocr_line' id='line_1_41' title="bbox 481 2892 2137 2965; baseline 0.004 -26"><span class='ocrx_word' id='word_1_400' title='bbox 481 2892 750 2956; x_wconf 82' lang='lat' dir='ltr'>suppeditant</span> <span class='ocrx_word' id='word_1_401' title='bbox 767 2894 855 2943; x_wconf 86' lang='lat' dir='ltr'>illas</span> <span class='ocrx_word' id='word_1_402' title='bbox 874 2896 1127 2960; x_wconf 84' lang='lat' dir='ltr'>Hollandia,</span> <span class='ocrx_word' id='word_1_403' title='bbox 1142 2899 1348 2949; x_wconf 82' lang='lat' dir='ltr'>Zelandia</span> <span class='ocrx_word' id='word_1_404' title='bbox 1363 2943 1374 2962; x_wconf 88' lang='lat'>,</span> <span class='ocrx_word' id='word_1_405' title='bbox 1390 2901 1532 2961; x_wconf 80' lang='lat' dir='ltr'>Frisia,</span> <span class='ocrx_word' id='word_1_406' title='bbox 1555 2899 1881 2949; x_wconf 81' lang='lat' dir='ltr'>Transisalania.</span> <span class='ocrx_word' id='word_1_407' title='bbox 1903 2906 2033 2965; x_wconf 84' lang='lat' dir='ltr'>Qas</span> <span class='ocrx_word' id='word_1_408' title='bbox 2061 2899 2137 2948; x_wconf 83' lang='lat' dir='ltr'>vbi</span> 
     </span>
     <span class='ocr_line' id='line_1_42' title="bbox 479 2956 2140 3030; baseline 0.005 -28"><span class='ocrx_word' id='word_1_409' title='bbox 479 2973 532 3003; x_wconf 84' lang='lat' dir='ltr'>ex</span> <span class='ocrx_word' id='word_1_410' title='bbox 548 2956 728 3006; x_wconf 84' lang='lat' dir='ltr'>horridis</span> <span class='ocrx_word' id='word_1_411' title='bbox 746 2964 951 3010; x_wconf 86' lang='lat' dir='ltr'>vitiorum</span> <span class='ocrx_word' id='word_1_412' title='bbox 967 2981 1094 3027; x_wconf 88' lang='lat' dir='ltr'>atque</span> <span class='ocrx_word' id='word_1_413' title='bbox 1104 2983 1294 3014; x_wconf 87' lang='lat' dir='ltr'>errorum</span> <span class='ocrx_word' id='word_1_414' title='bbox 1307 2967 1513 3015; x_wconf 87' lang='lat' dir='ltr'>senticetis</span> <span class='ocrx_word' id='word_1_415' title='bbox 1531 2967 1585 3015; x_wconf 87' lang='lat' dir='ltr'>ad</span> <span class='ocrx_word' id='word_1_416' title='bbox 1604 2986 1824 3015; x_wconf 83' lang='lat' dir='ltr'>amoenam</span> <span class='ocrx_word' id='word_1_417' title='bbox 1844 2967 2022 3030; x_wconf 88' lang='lat' dir='ltr'>speciem</span> <span class='ocrx_word' id='word_1_418' title='bbox 2037 3004 2049 3024; x_wconf 79' lang='lat'>‚</span> <span class='ocrx_word' id='word_1_419' title='bbox 2067 2963 2140 3011; x_wconf 55' lang='grc' dir='ltr'>Ιπ-</span> 
     </span>
     <span class='ocr_line' id='line_1_43' title="bbox 482 3022 2141 3097; baseline 0.004 -29"><span class='ocrx_word' id='word_1_420' title='bbox 482 3022 659 3088; x_wconf 62' lang='grc' dir='ltr'>τειιῃεῇιιε</span> <span class='ocrx_word' id='word_1_421' title='bbox 674 3025 997 3087; x_wconf 84' lang='lat' dir='ltr'>fecunditatem,</span> <span class='ocrx_word' id='word_1_422' title='bbox 1011 3028 1226 3078; x_wconf 88' lang='lat' dir='ltr'>cultorum</span> <span class='ocrx_word' id='word_1_423' title='bbox 1247 3032 1474 3080; x_wconf 82' lang='lat' dir='ltr'>noualium</span> <span class='ocrx_word' id='word_1_424' title='bbox 1490 3033 1634 3093; x_wconf 78' lang='lat' dir='ltr'>instar,</span> <span class='ocrx_word' id='word_1_425' title='bbox 1653 3032 1939 3097; x_wconf 71' lang='lat' dir='ltr'>perduxeritis3</span> <span class='ocrx_word' id='word_1_426' title='bbox 1958 3047 2051 3076; x_wconf 87' lang='lat' dir='ltr'>tum</span> <span class='ocrx_word' id='word_1_427' title='bbox 2067 3030 2141 3077; x_wconf 89' lang='lat' dir='ltr'>de-</span> 
     </span>
     <span class='ocr_line' id='line_1_44' title="bbox 483 3089 2137 3158; baseline 0.005 -24"><span class='ocrx_word' id='word_1_428' title='bbox 483 3106 610 3135; x_wconf 87' lang='lat' dir='ltr'>mum</span> <span class='ocrx_word' id='word_1_429' title='bbox 632 3089 755 3137; x_wconf 88' lang='lat' dir='ltr'>vobis</span> <span class='ocrx_word' id='word_1_430' title='bbox 771 3090 886 3138; x_wconf 88' lang='lat' dir='ltr'>orbis</span> <span class='ocrx_word' id='word_1_431' title='bbox 898 3093 1165 3141; x_wconf 85' lang='lat' dir='ltr'>Christianus</span> <span class='ocrx_word' id='word_1_432' title='bbox 1186 3097 1416 3158; x_wconf 83' lang='lat' dir='ltr'>pristinum</span> <span class='ocrx_word' id='word_1_433' title='bbox 1430 3102 1529 3146; x_wconf 83' lang='lat' dir='ltr'>Deo</span> <span class='ocrx_word' id='word_1_434' title='bbox 1546 3099 1712 3145; x_wconf 88' lang='lat' dir='ltr'>cultum</span> <span class='ocrx_word' id='word_1_435' title='bbox 1732 3117 1779 3145; x_wconf 85' lang='lat' dir='ltr'>ac</span> <span class='ocrx_word' id='word_1_436' title='bbox 1800 3098 2137 3154; x_wconf 83' lang='lat' dir='ltr'>venerationem,</span> 
     </span>
    </p>
   </div>
   <div class='ocr_carea' id='block_1_3' title="bbox 484 3158 2137 3294">
    <p class='ocr_par' dir='ltr' id='par_1_3' title="bbox 484 3158 2137 3294">
     <span class='ocr_line' id='line_1_45' title="bbox 485 3158 2137 3227; baseline 0.005 -27"><span class='ocrx_word' id='word_1_437' title='bbox 485 3158 625 3216; x_wconf 78' lang='lat' dir='ltr'>patriae</span> <span class='ocrx_word' id='word_1_438' title='bbox 652 3160 882 3219; x_wconf 84' lang='lat' dir='ltr'>antiquum</span> <span class='ocrx_word' id='word_1_439' title='bbox 900 3160 1061 3221; x_wconf 83' lang='lat' dir='ltr'>pietatis</span> <span class='ocrx_word' id='word_1_440' title='bbox 1085 3179 1132 3205; x_wconf 87' lang='lat' dir='ltr'>ac</span> <span class='ocrx_word' id='word_1_441' title='bbox 1160 3160 1378 3224; x_wconf 82' lang='lat' dir='ltr'>religionis</span> <span class='ocrx_word' id='word_1_442' title='bbox 1389 3162 1657 3227; x_wconf 89' lang='lat' dir='ltr'>splendorem</span> <span class='ocrx_word' id='word_1_443' title='bbox 1677 3160 1866 3222; x_wconf 86' lang='lat' dir='ltr'>,ciuibus</span> <span class='ocrx_word' id='word_1_444' title='bbox 1882 3159 2059 3208; x_wconf 84' lang='lat' dir='ltr'>salutem</span> <span class='ocrx_word' id='word_1_445' title='bbox 2078 3178 2137 3208; x_wconf 83' lang='lat' dir='ltr'>at-</span> 
     </span>
     <span class='ocr_line' id='line_1_46' title="bbox 484 3220 1777 3294; baseline 0.007 -30"><span class='ocrx_word' id='word_1_446' title='bbox 484 3235 568 3282; x_wconf 89' lang='lat' dir='ltr'>que</span> <span class='ocrx_word' id='word_1_447' title='bbox 582 3220 927 3271; x_wconf 86' lang='lat' dir='ltr'>incolumitatem</span> <span class='ocrx_word' id='word_1_448' title='bbox 940 3221 1215 3288; x_wconf 71' lang='lat' dir='ltr'>postliminio</span> <span class='ocrx_word' id='word_1_449' title='bbox 1233 3227 1464 3291; x_wconf 77' lang='lat' dir='ltr'>restitutam</span> <span class='ocrx_word' id='word_1_450' title='bbox 1481 3227 1777 3294; x_wconf 79' lang='lat' dir='ltr'>gratulabitur.</span> 
     </span>
    </p>
   </div>
   <div class='ocr_carea' id='block_1_4' title="bbox 1953 3424 2139 3471">
    <p class='ocr_par' dir='ltr' id='par_1_4' title="bbox 1953 3424 2139 3471">
     <span class='ocr_line' id='line_1_47' title="bbox 1953 3424 2139 3471; baseline -0.011 0"><span class='ocrx_word' id='word_1_451' title='bbox 1953 3424 2139 3471; x_wconf 78' lang='lat' dir='ltr'>ORA-</span> 
     </span>
    </p>
   </div>
   <div class='ocr_carea' id='block_1_5' title="bbox 2235 0 2321 2447">
    <p class='ocr_par' dir='ltr' id='par_1_5' title="bbox 2235 0 2321 2447">
     <span class='ocr_line' id='line_1_48' title="bbox 2235 0 2321 2447; baseline 0 0"><span class='ocrx_word' id='word_1_452' title='bbox 2235 0 2321 2447; x_wconf 95' lang='lat' dir='ltr'> </span> 
     </span>
    </p>
   </div>
  </div>
 </body>
</html>
