2326 4080
539 355 650 396 100
767 349 1012 392 IMAGO
1059 349 1273 390 PRIMI
1314 346 1584 388 SAECVLI
1626 346 1975 388 SOC.1ESV.

536 425 719 482 amoliri,
746 432 788 471 &
807 426 1072 487 contagionis
1089 440 1237 469 omnes
1265 420 1463 467 inuasurae
1482 424 1605 467 initio
1620 460 1632 479 ,
1653 421 1833 467 infectos
1853 420 1877 469 ἃ.
1900 419 2002 467 sanis
2021 438 2108 468 non
2128 417 2184 468 se-

536 509 711 537 cernere.
741 492 891 537 Nemo
916 489 939 536 a
972 493 1083 537 vitiis
1108 504 1222 534 tutus
1247 491 1349 545 erit,
1379 484 1454 533 vbi
1481 484 1553 532 illa
1578 501 1667 532 tuta
1698 485 1803 532 sunt.
1823 504 1961 550 neque
1980 490 2096 532 enim
2125 486 2186 534 ibi

539 556 688 605 fistunt
715 554 791 603 vbi
815 559 1021 602 oriuntur.
1042 552 1218 600 Habent
1243 552 1326 599 hoc
1343 568 1578 597 commune
1597 568 1697 597 eum
1723 550 1857 614 peste3
1881 556 2186 616 contagionem

540 620 655 669 suam
675 620 804 683 longe
821 620 985 684 lateque
1002 617 1268 666 diffundunt.
1293 620 1444 664 Potens
1463 619 1667 662 nimirum
1695 616 1755 662 est
1781 620 1822 663 in
1849 633 2072 680 Vtramque
2095 634 2189 681 par-

539 703 627 734 tem
644 675 889 750 exeniplum
904 711 918 738 ‚-
939 693 1000 744 &,
1016 683 1138 748 quod
1161 682 1334 730 miserive
1356 681 1506 727 nostrae
1523 699 1649 744 genus
1674 681 1733 727 est
1746 720 1759 740 ,
1774 681 1981 729 valentius
2007 686 2049 728 in
2074 687 2191 746 peio-

541 770 640 799 rem.
670 757 734 799 Ita
753 752 802 798 fit
819 790 831 810 ,
847 768 893 800 vt
909 749 1025 814 quod
1055 747 1109 796 ab
1135 767 1221 797 vno
1247 762 1467 811 peccatum
1492 747 1575 803 est,
1598 745 1715 793 luant
1730 746 1911 794 vniuerfi
1924 787 1936 807 ‚
1956 746 2056 794 cum
2085 753 2192 798 inter

541 818 704 865 multos
729 835 860 864 nemo
885 814 962 863 fibi
984 815 1153 862 tantum
1176 829 1328 877 peccet.
1361 817 1538 875 Serpunt
1556 814 1680 869 vitia,
1709 820 1752 859 &
1769 815 2016 876 proximum
2041 831 2193 878 quem-

542 902 626 947 que
639 882 852 939 inficiunt3
869 880 975 928 dum
993 899 1089 945 quae
1110 878 1355 937 tolerantur,
1373 875 1490 942 quafi
1506 880 1591 925 iure
1611 875 1700 924 fieri
1717 881 1940 941 incipiunt.
1969 882 2036 925 Sic
2052 878 2196 942 paula-

543 952 624 995 tim
644 953 779 995 maior
791 965 879 1012 pars
893 952 1026 996 vincit
1039 944 1259 992 meliorem
1274 983 1287 1003 ‚
1301 951 1344 990 &
1360 959 1492 989 coetus
1511 941 1722 992 Vniuersus
1752 945 1899 1006 incipit
1924 942 2070 990 seruire
2103 962 2196 991 cor-

543 1017 674 1078 ruptis
694 1011 943 1061 hominibus
965 1009 1241 1067 Senioribus,
1262 1008 1417 1072 quibus
1439 1011 1643 1071 imperare
1672 1006 1885 1054 debuerat.
1913 1008 1993 1055 Sed
2015 1008 2196 1070 crudele,

545 1082 726 1143 inquies,
746 1080 829 1125 hoc
844 1076 1082 1124 remedium
1096 1075 1155 1122 est
1168 1101 1182 1128 ,-
1201 1074 1292 1121 imo
1311 1072 1487 1120 crudelis
1503 1073 1561 1119 est
1575 1072 1813 1138 benignitas
1831 1077 1906 1121 vni
1920 1091 2082 1137 parcere
2096 1114 2108 1134 ‚
2127 1090 2198 1139 per

545 1162 678 1209 quem
696 1142 900 1190 omnibus
916 1160 1077 1189 noceas.
1097 1144 1218 1187 Nam
1235 1143 1309 1187 vni
1324 1138 1378 1186 fic
1394 1137 1626 1203 indulgere,
1643 1141 1703 1188 est
1722 1137 1881 1186 multos
1897 1138 2001 1203 saepe
2019 1139 2199 1205 perdere;

546 1207 795 1272 meipsum,
816 1212 884 1254 cui
898 1206 1144 1270 indulgetur
1158 1243 1171 1263 ‚
1204 1204 1374 1252 ieruare.
1409 1208 1478 1250 An
1502 1203 1680 1251 crudelis
1701 1204 1759 1252 est
1788 1204 1986 1267 colonus,
2001 1211 2076 1270 qui
2106 1205 2200 1253 stir-

351 1289 490 1336 Dimiffio
547 1293 616 1339 pes
646 1272 785 1321 herbis
816 1270 991 1321 vtilibus
1022 1275 1231 1318 nocituras
1258 1269 1425 1318 euellit?
1454 1271 1527 1317 An
1554 1269 1685 1317 saeuus
1722 1269 1946 1331 Medicus,
1972 1276 2048 1335 qui
2076 1275 2200 1319 vitia-

351 1340 534 1392 ‘stmedfsi‘
549 1357 638 1387 tam
664 1341 848 1403 corporis
871 1353 1031 1402 partem
1054 1335 1219 1383 mauult
1255 1334 1375 1393 tolli,
1403 1334 1539 1400 quam
1556 1339 1717 1384 vitam?
1746 1338 1818 1383 An
1844 1340 2026 1383 immitis
2051 1336 2198 1395 Iudex,

352 1388 533 1468 ZZRelzgzo-
551 1409 730 1470 quinon
751 1408 880 1468 parcit
894 1402 1031 1461 malis,
1045 1420 1098 1449 ne
1115 1417 1266 1449 noceat
1279 1400 1425 1448 bonis?
1445 1404 1555 1448 Non
1573 1405 1744 1464 opinor.
1766 1404 1858 1448 Cur
1878 1405 2009 1466 igitur
2023 1406 2202 1450 Societas

386 1459 411 1468 Λ
551 1468 727 1517 crudelis
741 1509 755 1529 ‚
776 1467 807 1516 fi
829 1487 983 1533 paucos
1001 1466 1221 1527 tollendo,
1245 1466 1376 1516 seruet
1400 1477 1575 1514 omnes?
1600 1466 1785 1514 Videtur
1814 1468 1990 1531 quidem
2022 1466 2099 1515 sibi
2131 1467 2204 1516 illa

552 1552 716 1600 partem
740 1534 946 1583 viscerum
963 1533 1136 1580 fiiorum
1148 1531 1416 1597 abrumpere,
1433 1532 1539 1580 dum
1554 1531 1577 1579 a
1594 1531 1647 1590 se,
1665 1550 1772 1596 quos
1797 1548 1886 1579 tam
1905 1551 2020 1580 caros
2037 1532 2203 1594 habuit,

552 1600 722 1665 separat:
741 1599 810 1647 sed
830 1599 997 1646 mauult
1012 1602 1219 1646 rationem
1232 1603 1275 1645 in
1292 1597 1520 1646 confilium
1538 1596 1896 1661 adhibere,qu;im
1920 1597 2142 1657 affee'tum3
2162 1609 2206 1647 δε

554 1666 670 1731 sequi
692 1665 832 1730 potius
857 1664 980 1729 quod
997 1663 1188 1728 expedit,
1212 1664 1345 1729 quam
1373 1663 1492 1729 quod
1515 1668 1658 1722 iuuat3
1681 1681 1733 1710 ne
1756 1682 1860 1710 mox
1884 1662 1963 1711 fibi
1979 1663 2206 1726 diffimilis,

555 1735 682 1778 inane
708 1730 875 1778 tantum
897 1729 1136 1795 Religionis
1161 1728 1434 1777 simulacrum
1464 1737 1508 1776 ὃς
1531 1727 1733 1777 vmbram
1751 1727 1789 1775 se
1806 1729 1883 1776 effe
1900 1728 2106 1794 deploret,
2132 1748 2210 1778 nec

556 1797 798 1862 quidquam
814 1795 898 1844 fere
925 1795 986 1842 sui
1010 1811 1155 1859 praeter
1181 1812 1344 1842 nomen
1358 1793 1606 1860 vestemque
1622 1794 1762 1843 videat
1777 1820 1787 1852 3
1802 1794 1977 1859 quando
1999 1795 2117 1843 citius
2140 1801 2206 1845 in-

555 1866 662 1927 tegri
676 1863 699 1909 a
714 1866 916 1925 corruptis
943 1859 1176 1919 morbum,
1192 1861 1327 1926 quam
1352 1864 1451 1925 aegri
1473 1859 1751 1909 avalentibus
1777 1859 1997 1908 sanitatem
2019 1861 2206 1910 trahunt.

556 1931 654 1975 Nec
671 1932 787 1974 enim
803 1926 899 1975 vllae
923 1925 1196 1992 Religiones‚
1217 1943 1400 1990 quarum
1429 1929 1588 1973 interiit
1611 1924 1809 1990 splendor
1841 1934 1884 1973 ἅτ
1906 1930 2036 1974 virtus
2051 1967 2063 1987 ,
2089 1927 2168 1976 nifi
2186 1929 2210 1976 a

557 1992 730 2040 suorum
758 1996 872 2041 vitiis
889 1991 1036 2039 euersae
1062 1991 1181 2039 sunt:
1211 1992 1309 2038 cum
1328 1990 1438 2038 nihil
1457 2007 1549 2038 tam
1578 1989 1759 2038 firmum
1781 1989 1852 2049 fit,
1877 1991 1997 2056 quod
2018 1993 2119 2041 stare
2136 1993 2212 2041 diu

560 2057 702 2122 possit,
722 2057 753 2105 fi
767 2057 990 2104 intestinos
1007 2056 1147 2104 hostes
1170 2058 1326 2104 foueat.
1352 2059 1469 2103 Huic
1488 2060 1617 2122 igitur
1636 2056 1755 2103 malo
1771 2061 1954 2104 Societas
1973 2057 2213 2106 feliciffime

560 2141 780 2171 occurrens
798 2164 809 2183 ‚
828 2122 981 2170 sauciat
996 2121 1034 2169 se
1048 2141 1102 2170 ne
1121 2121 1308 2182 laedatur,
1326 2120 1498 2186 ipsaque
1515 2120 1810 2170 membrorum
1837 2121 2011 2170 suorum
2038 2124 2214 2171 mutila-

559 2193 678 2237 tione
692 2192 978 2253 integritatem
996 2187 1112 2235 suam
1131 2187 1361 2235 conseruat.
1392 2191 1537 2252 Itaque
1552 2191 1727 2252 Reginae
1742 2191 1804 2234 Lu
1812 2186 1969 2235 fitaniae
1979 2188 2213 2238 admiranti

562 2253 800 2319 aliquando
815 2271 1041 2318 perennem
1066 2252 1195 2301 illum
1217 2253 1504 2318 vegetumque
1522 2256 1738 2301 Societatis
1766 2252 1918 2300 florem
1934 2293 1948 2313 ,
1972 2263 2015 2301 ὃς
2033 2256 2215 2304 cauffam

563 2323 746 2383 roganti,
765 2318 975 2382 aptiffime
992 2318 1207 2383 respondit
1225 2318 1412 2383 Collegij
1435 2322 1596 2366 Restm
1608 2318 1716 2366 hanc
1731 2319 1822 2378 effe,
1839 2323 1941 2384 quia
1959 2338 2112 2367 venam
2134 2320 2214 2369 fibi

564 2383 797 2449 aliquando
815 2388 995 2431 Societas
1009 2384 1174 2431 incidit.
1201 2401 1420 2448 corruptus
1444 2388 1560 2431 enim
1582 2384 1750 2449 sanguis
1766 2383 1850 2432 leui
1868 2383 2040 2433 vulnere
2053 2404 2214 2450 oppor-

565 2449 669 2496 tune
683 2449 870 2508 emissus,
886 2453 1018 2496 totius
1035 2452 1218 2513 corporis
1236 2448 1297 2496 est
1319 2449 1533 2499 valetudo.
1561 2451 1744 2496 Ioannes
1771 2448 1938 2497 Clarius
1952 2490 1963 2510 ‚
1989 2450 2147 2499 nobilis
2171 2455 2216 2500 in

565 2515 799 2563 Academi&
825 2512 1081 2561 Louanienfi
1106 2514 1332 2579 quondam
1357 2514 1615 2579 Theologiae
1641 2517 1841 2575 Doctor,
1872 2515 1972 2563 cum
1999 2516 2218 2565 celeberri-

566 2598 663 2627 mus
691 2580 870 2645 quidam
889 2583 1201 2627 Concionator'
1221 2579 1316 2626 esset
1337 2579 1548 2640 dimissus,
1579 2578 1754 2640 Iei‘uitae,
1771 2584 1935 2645 inquit,
1965 2599 2054 2629 non
2086 2582 2219 2632 solent

566 2663 725 2709 aquam
754 2645 966 2693 mundam
998 2643 1230 2692 effundere.
1259 2645 1531 2693 Humbertus
1558 2644 1742 2692 Ordinis
1771 2648 1854 2693 ΡΡ.
1883 2646 2217 2696 Praedicatorum

371 2719 551 2750 Humbertde
567 2714 739 2774 quintus
768 2710 999 2770 Generalis,
1018 2719 1187 2777 Oportet,
1204 2715 1346 2775 inquit
1357 2751 1370 2772 ‚
1383 2726 1448 2758 fvt
1463 2710 1600 2776 Religio
1614 2712 1867 2777 despumetur,
1879 2712 1932 2759 ad
1949 2715 2015 2759 hoc
2031 2729 2082 2760 vt
2095 2714 2218 2777 infita'

371 2759 553 2838 fgusszizcegg
564 2780 731 2842 puritate
735 2778 926 2840 ftruetmu
942 2776 1029 2824 vbi
1040 2780 1142 2823 nulla
1155 2780 1202 2839 est
1216 2777 1449 2842 deffumatio
1461 2816 1472 2836 ,
1494 2779 1542 2840 est
1564 2780 1770 2843 impuritas
1793 2778 1928 2825 multa.
1958 2778 2080 2825 Plura
2098 2779 2219 2827 addit

568 2846 613 2888 in
634 2841 744 2889 hanc
772 2841 1020 2888 sententiam
1052 2841 1192 2889 multo
1210 2842 1274 2888 his
1304 2843 1494 2889 fortiora.
1522 2842 1653 2907 vtq‘ue
1671 2846 1824 2892 vinum
1851 2844 1951 2890 faece
1977 2844 2219 2905 turbidum,

570 2905 680 2955 hanc
704 2906 912 2954 eiiciendo
939 2907 977 2953 se
997 2906 1233 2971 limpidum
1264 2907 1400 2954 reddit
1429 2915 1473 2954 &
1502 2905 1687 2965 clarurn3
1715 2911 1775 2955 ita
1807 2907 1981 2973 Religio
2010 2908 2047 2955 se
2071 2927 2222 2974 purgat
2299 2939 2300 2949 κ

569 2972 702 3020 ciceia
720 2972 1014 3035 quorumdam
1027 2973 1140 3019 faece.
1159 2972 1306 3037 Qod
1325 2977 1496 3019 innuere
1514 2971 1597 3036 ipse
1614 2976 1878 3023 CHRISTVS
1897 2974 1956 3021 est
1971 2975 2097 3035 visus,
2112 2974 2238 3023 dum'
2298 2966 2300 2977 ⁴

376 3049 455 3078 ¹0²⁰·
471 3057 516 3086 13·
570 3036 676 3084 Iuda
690 3056 739 3084 ex
755 3053 867 3083 coetu
884 3037 1202 3099 Apostolorum
1231 3039 1403 3086 dimiffo
1419 3037 1663 3086 subiunxit:
1693 3048 1829 3101 an
1854 3040 2079 3105 clarzfi'catm
2093 3044 2140 3104 est
2154 3045 2221 3088 Fi-

571 3102 644 3150 lius
670 3104 844 3150 hominii.
884 3105 1085 3167 Denique
1118 3103 1229 3150 hane
1258 3102 1484 3151 Vtilitatem
1514 3101 1605 3150 satis
1628 3104 1764 3150 asserit
1794 3104 1998 3152 sententia
2037 3113 2080 3152 δε
2127 3106 2220 3153 vsus

572 3172 640 3214 SS.
659 3170 815 3233 Ignatij
837 3175 880 3214 δε
906 3169 1081 3229 Xauerij
1105 3193 1114 3225 3
1141 3186 1326 3231 quorum
1347 3168 1495 3215 dehac
1516 3185 1556 3213 re
1570 3168 1782 3216 iudicium
1801 3188 1935 3217 nemo
1956 3169 2222 3218 Pontificum

572 3233 839 3296 improbauit
853 3272 863 3289 ,
880 3232 1108 3279 laudarunt
1126 3241 1169 3280 δε
1191 3232 1484 3297 approbarunt
1507 3231 1712 3280 haetenus
1739 3253 1889 3282 omnes
1901 3275 1914 3295 ,
1930 3255 1978 3283 ac
1995 3235 2223 3299 praesertim

377 3302 806 3363 creg.3(1v.Gregorins
833 3301 973 3345 XIV.
1000 3303 1075 3362 qui
1090 3298 1195 3346 dum
1220 3298 1329 3345 hanc
1345 3299 1612 3358 dimittendi,
1633 3306 1676 3346 δε
1698 3317 1882 3347 omnem
1895 3318 2095 3349 votorum
2111 3301 2224 3349 obli-

378 3367 404 3421 ἰζ
416 3357 558 3428 ξξῃῗςξζ
575 3368 793 3427 gationem
811 3363 991 3410 tollendi
1008 3363 1257 3427 potestatem
1274 3362 1417 3410 denuo
1432 3361 1663 3411 confirmat
1676 3402 1690 3421 ,
1719 3372 1827 3425 Eam,
1848 3370 2005 3430 inquit,
2023 3380 2145 3414 ratam
2162 3381 2219 3420 &⁴

377 3434 410 3460 de
421 3432 544 3461 confirm.

381 3472 444 3499 Soc.
574 3433 757 3478 intafflam
772 3428 837 3496 effi
850 3428 1072 3489 volumus,
1098 3444 1293 3496 tamquam
1304 3449 1381 3479 rem
1398 3434 1521 3495 magni
1535 3433 1713 3481 momenti
1726 3431 1780 3479 ad
1799 3435 1996 3480 Societatzjr
2012 3436 2223 3497 puritatem

2157 3498 2221 3558 Cfff
