2321 4013
357 2010 500 2044 Ostama

360 2058 448 2091 labor
459 2083 468 2096 ‚
484 2061 548 2092 Pa-

355 2106 507 2150 castratu-

358 2164 423 2187 net.

572 309 671 366 788
814 311 1062 355 IMAGO
1100 276 1609 349 PR1M1'sAECVL1
1655 300 1990 341 soc.11;sv.

570 408 656 439 tem
677 395 790 439 Deus
803 387 1044 455 approbass'e
1058 383 1283 431 censendus
1303 381 1376 440 est,
1402 377 1580 444 quando
1601 381 1646 423 in
1668 375 1858 440 praesenti
1885 374 1994 450 adeo
2009 378 2104 423 vitae
2122 377 2206 426 dist

569 461 745 504 crimine
763 455 951 503 constitit
967 449 1171 497 omnibus
1190 446 1388 495 valetudo
1405 470 1414 502 3
1442 453 1488 490 δε,
1503 460 1646 489 tamen
1662 445 1825 488 ciuium
1855 441 2017 500 multis,
2035 440 2102 489 vel
2116 441 2210 492 solo

572 521 871 568 morbidorum
892 516 1079 562 militum
1094 512 1256 572 afflatu,
1271 511 1336 558 vel
1360 510 1543 558 vestium
1561 509 1761 553 contactu
1784 505 2091 553 adhaerescebat
2106 506 2204 556 lues.

571 584 840 631 Hibernabat
870 581 1069 628 Gandaui
1094 576 1406 640 Neapolitanus
1424 578 1527 629 tiro,
1560 569 1868 635 morbisque&
1892 571 2038 634 inopia'i
2057 574 2207 620 conrii.
2261 585 2263 598 ³

572 649 766 696 mebatur
791 664 906 693 anno
938 662 990 692 M.
1011 659 1093 690 DC.
1115 659 1159 689 v.
1203 640 1379 704 plurimi
1408 636 1556 702 paffim
1585 653 1655 700 per
1673 633 1826 698 plateas
1843 636 1897 683 ab
1914 633 2118 682 omnibus
2136 639 2208 685 de-

570 714 661 759 serti
683 712 925 758 interibant.
941 710 1194 772 Impetrauit
1208 709 1388 753 Societas
1408 703 1517 767 apud
1538 706 1756 759 Senatum,
1774 716 1820 748 vt
1842 719 1989 747 eorum
2007 701 2208 764 quadrin-

569 781 685 840 genti
704 781 802 832 aeari
827 774 1001 840 publico
1027 773 1284 820 nosocomio
1309 774 1616 833 exciperentur:
1649 783 1755 829 quos
1771 766 1905 813 nostri
1926 764 2129 839 visebant,
2145 769 2208 815 so-

569 828 764 889 labantu}
775 877 789 898 ,
810 840 1043 896 iuuabant>
1063 856 1112 884 eo
1129 837 1287 896 fructu,
1318 852 1447 882 nemo
1461 853 1508 879 ex
1524 830 1729 878 omnibus
1747 845 1792 878 vt
1807 830 1929 877 fuerit
1953 848 2132 894 quinon
2150 833 2209 880 sa*

570 905 692 954 lutari
709 909 975 953 Poenitentiae
998 910 1266 951 Sacramento
1290 902 1503 964 praeteritae
1518 901 1614 946 vitae
1630 895 1741 943 labes
1758 898 1952 957 expiaret.
1992 897 2054 941 At
2069 893 2100 942 fi
2114 916 2208 946 vm-

569 990 703 1036 quam
730 970 813 1019 fiue
832 975 930 1027 ciui,
951 970 1034 1016 fine
1061 964 1202 1022 militi,
1229 966 1347 1012 suam
1363 964 1442 1010 hac
1466 969 1507 1009 in
1527 978 1644 1026 parte
1665 957 1863 1024 probauit
1878 977 2052 1023 operam
2071 965 2210 1010 Socie-

570 1053 630 1083 tas
641 1076 654 1097 ,
672 1054 764 1083 tum
784 1036 979 1099 profecto
1006 1029 1290 1097 potissimum‚
1306 1028 1483 1093 quando
1501 1026 1744 1074 multorum
1773 1023 1988 1071 menfium
2007 1025 2209 1078 diriffima

568 1105 838 1165 opptmnatio
863 1099 1035 1146 tolerata
1063 1097 1144 1143 fuit
1172 1093 1435 1150 Siluaeducis,
1466 1095 1671 1149 Traiecti,
1693 1089 1848 1137 Bredae.
1869 1094 2072 1154 Perpetua
2095 1111 2209 1141 mor-

569 1143 772 1213 bidorTun
792 1159 1198 1224 vulneratorumtjue
1214 1158 1429 1206 calamitas
1445 1157 1600 1205 diurno
1618 1155 1919 1221 nocturnoque
1937 1173 2045 1219 opus
2060 1156 2209 1207 habuit

568 1229 741 1287 auxili03
760 1228 877 1292 quod
890 1227 1028 1275 nihilo
1042 1225 1174 1291 quam
1194 1223 1454 1288 rogabantur
1465 1222 1627 1287 segnius
1645 1219 1900 1286 praestabant
1915 1224 2067 1268 Patres.
2094 1228 2208 1288 Qo

568 1297 611 1341 in
636 1311 759 1358 opere
777 1293 988 1340 charitatis
1008 1292 1114 1340 duos
1130 1288 1347 1337 amisimus
1366 1289 1530 1351 Bredae,
1548 1306 1657 1352 quos
1674 1288 1728 1334 ad
1745 1290 2001 1333 moriturum
2019 1285 2206 1353 aliquem

564 1356 1027 1423 properante3‚liostilis
1053 1355 1209 1422 globus
1226 1372 1275 1402 ex
1300 1355 1535 1418 improuiso
1553 1352 1725 1415 allapsus
1740 1352 1855 1398 foede
1881 1350 2073 1412 laniauit.
2112 1359 2208 1403 Exi-

564 1426 651 1471 mia
673 1441 848 1488 quoque
874 1427 1048 1470 Parrum
1070 1426 1199 1486 pietas
1225 1425 1268 1467 in
1292 1437 1447 1485 egenos
1471 1418 1602 1479 eluxit
1626 1418 1844 1480 superioris
1863 1416 1996 1463 saeculi
2017 1436 2133 1466 anno
2149 1420 2208 1466 se-

565 1492 704 1550 ptimo
723 1497 766 1535 ὃς
783 1486 1080 1551 octogesimo,
1104 1504 1148 1532 iu
1163 1485 1279 1533 tantss⁴
1302 1502 1483 1531 annonae
1510 1483 1685 1541 saeuitist,
1710 1496 1924 1545 quantam
1935 1481 2042 1529 nulli
2061 1484 2208 1550 Belga-
2265 1520 2267 1525 .

563 1570 659 1603 tum
689 1552 857 1600 annales
894 1552 1130 1615 prodidere.
1167 1554 1371 1597 omnium
1401 1548 1522 1596 labor
1547 1565 1633 1594 erat
1650 1547 1918 1594 emendicare
1941 1548 2204 1599 frumentum
2264 1553 2267 1592 ἶ

562 1617 618 1664 ab
641 1617 1012 1682 opulentioribus:
1041 1635 1129 1683 quo
1148 1614 1322 1679 copiose
1347 1613 1531 1661 collecto
1548 1610 1881 1677 distributoque,
1897 1612 2122 1662 sustentata
2151 1617 2208 1665 est

560 1700 794 1747 pauperum
810 1688 912 1741 vita,
930 1701 1086 1746 paucos
1104 1698 1150 1730 vt
1168 1681 1299 1728 fames
1316 1679 1606 1744 absumpserit,
1625 1697 1720 1753 quae
1737 1677 1882 1724 multis
1903 1674 2002 1724 alias
2017 1679 2206 1729 millibus

560 1747 819 1795 minabatur.
866 1749 945 1795 Sed
962 1747 1238 1811 singularium
1257 1745 1303 1793 fit
1327 1743 1497 1792 infinita
1515 1761 1711 1791 narratio.
1739 1759 1784 1790 vt
1798 1746 1913 1789 enim
1932 1741 2206 1795 infirmorum
2265 1807 2267 1811 ¹

560 1810 795 1860 hominum
812 1832 860 1860 ac
874 1830 1124 1878 egenorum,
1157 1829 1294 1876 neque
1311 1811 1444 1858 defuit
1460 1827 1692 1874 vmquam,
1706 1826 1783 1855 nec
1800 1808 1926 1873 porro
1945 1808 2135 1858 defutura
2150 1812 2208 1861 est

563 1881 714 1938 copia,
748 1882 805 1926 ita
833 1897 910 1925 uec
933 1878 1059 1926 nobis
1093 1876 1268 1925 illorum
1294 1874 1450 1922 auxilia
1476 1872 1776 1940 profitentibus
1810 1878 1987 1921 materia
2015 1882 2207 1942 perpetui
2265 1910 2267 1925 .

564 1938 735 1989 laboris.

629 2007 699 2054 Est
713 2015 756 2054 &
773 2010 816 2053 in
832 2025 934 2070 pace
950 2010 1056 2053 inter
1071 2003 1308 2053 dissidentes
1331 2003 1602 2052 concilianda
1619 2003 1731 2051 bene
1754 2001 1983 2069 collocatus
2007 2003 2145 2068 labor,
2163 2015 2206 2056 ὃς

562 2071 858 2136 exemplorum
873 2069 1135 2135 plenissimos
1154 2069 1362 2118 habemus
1379 2069 1584 2117 Annales.
1619 2073 1730 2116 Inuu
1739 2087 1867 2116 meras
1894 2068 1981 2116 lites
1998 2088 2206 2120 mercato-

560 2151 658 2183 rum
681 2139 928 2200 Antuerpiae
942 2176 955 2196 ‚
982 2141 1223 2183 innumeras
1249 2140 1439 2184 virorum
1471 2137 1720 2199 Principum
1743 2132 1961 2199 Bruxellis‚
1984 2136 2062 2184 suo
2084 2156 2205 2185 com-

559 2201 700 2262 posuit
718 2200 893 2250 arbitrio
919 2205 964 2248 P.
982 2200 1165 2248 Carolus
1183 2199 1736 2264 Scribanius.Lirae,oppido
1754 2198 2006 2260 Brabantiae‚
2027 2201 2143 2266 plebs
2160 2206 2204 2251 in

556 2267 835 2330 Magistratus
866 2266 957 2314 suos
983 2265 1214 2331 aliquando
1242 2270 1322 2313 iuit
1353 2282 1536 2323 armata3
1568 2266 1851 2329 praecesserant
1871 2264 2026 2313 famosi
2057 2266 2203 2330 libelli,

555 2335 759 2393 conuitia,
776 2337 919 2392 minse,
939 2340 982 2379 δε
1000 2333 1053 2379 ad
1070 2337 1162 2381 vim
1189 2348 1375 2379 extrema
1393 2330 1608 2395 spectabat
1626 2331 1814 2381 audacia.
1844 2331 1996 2379 frustra
2012 2330 2096 2381 loci
2115 2338 2205 2381 Gu-

555 2392 777 2457 bernator,
795 2397 943 2445 frustra
968 2396 1116 2444 Clerus
1134 2396 1319 2463 sacric'1ue
1338 2396 1525 2444 Ordines
1539 2394 1764 2444 flammam
1783 2396 1921 2444 sedare
1938 2402 2097 2445 conati.
2117 2402 2205 2445 De-

553 2460 758 2523 speratam
787 2458 1061 2510 concordiam
1081 2463 1223 2523 nostri·
1240 2461 1466 2509 conciliare
1483 2462 1787 2526 aggrediuntur
1804 2501 1817 2522 ‚
1849 2462 1963 2508 tanta
2001 2463 2204 2512 ind'ustria‘i

554 2525 890 2592 constantiaque,
904 2543 949 2575 vt
959 2531 1146 2592 partium
1165 2527 1365 2574 consensu
1393 2527 1667 2575 commiffam
1685 2526 1761 2574 fibi
1779 2526 1962 2574 caussam
1989 2546 2203 2592 cognoue-

555 2592 656 2648 rint,
676 2609 724 2636 ex
738 2590 864 2655 'aequo
886 2591 1008 2639 bono
1025 2593 1244 2639 statuerint
1262 2632 1274 2652 ‚
1293 2591 1528 2657 pacemc'Jue
1551 2591 1647 2641 vrbi
1675 2591 1983 2657 optatiffimam
2009 2593 2204 2642 reddide-

554 2657 656 2711 rint3
679 2659 745 2702 cui
765 2656 926 2704 firmius
946 2656 1177 2705 sanciendae
1203 2663 1374 2705 Sacrum
1403 2657 1734 2704 eucharisticum
1750 2660 1793 2704 in
1817 2656 1965 2705 sacello
1981 2658 2127 2706 nostro
2141 2660 2204 2707 so-

555 2716 734 2765 lenniter
750 2719 1036 2768 decantatum.
1075 2727 1126 2770 Et
1146 2726 1314 2769 Senatui
1343 2722 1521 2786 quidem
1548 2723 1768 2787 tantopere
1786 2727 1998 2770 Societatis
2023 2727 2066 2770 in
2093 2724 2205 2785 arbi-

556 2783 710 2828 trando
729 2789 902 2848 :equitas
929 2794 972 2832 δε
990 2785 1213 2849 prudentia
1231 2787 1426 2850 probata,
1441 2805 1486 2836 vt
1503 2787 1640 2851 plures
1657 2787 1807 2834 exinde
1826 2788 1985 2835 summi
2001 2797 2207 2838 momen--

556 2849 588 2892 ti
606 2847 909 2895 controuerfias
928 2850 949 2897 ὲ
965 2851 1061 2898 foro
1079 2850 1132 2896 ad
1148 2850 1397 2916 Collegium
1412 2852 1723 2912 transtulerint,
1752 2852 1897 2900 nostra
1913 2852 2116 2900 sententia
2134 2855 2202 2902 de-

555 2909 778 2960 finiendas.
826 2913 979 2972 Hallis,
997 2915 1161 2979 oppido
1179 2920 1426 2964 Hannoniae
1438 2957 1450 2977 ,
1468 2922 1687 2981 primarias
1706 2916 1890 2965 familias
1916 2918 2019 2964 duas
2046 2917 2202 2983 grauis-

555 2973 667 3022 fimo
683 2978 787 3024 odio
810 2996 1042 3042 pugnantes
1058 3020 1070 3040 ,
1092 2988 1136 3027 δε
1160 2999 1261 3028 cum
1287 2981 1349 3029 his
1369 2982 1520 3031 vrbem
1545 2996 1682 3030 totam
1709 2986 1751 3029 in
1776 2999 1909 3046 partes
1935 2982 2198 3044 distractam,

556 3055 650 3088 toto
668 3044 754 3089 iam
783 3043 1000 3105 septennio
1016 3045 1166 3092 frustra
1184 3063 1446 3108 componere
1463 3047 1718 3096 laborabant
1735 3047 2012 3111 Magistratus
2028 3047 2137 3096 sacer
2153 3055 2200 3099 ac

556 3105 707 3152 ciuilis.
739 3107 952 3154 Robertus
971 3109 1204 3156 Malcotius
1223 3109 1410 3174 Collegij
1432 3115 1594 3160 Rmstor
1611 3117 1667 3160 ita
1692 3115 1889 3174 tractauit
1905 3112 2198 3162 diffidentium

558 3174 740 3228 animos,
758 3188 802 3219 vt
827 3176 1055 3219 communi
1073 3177 1290 3236 Vtrimque
1314 3175 1516 3240 suffragio
1535 3177 1665 3224 led‘tus
1699 3176 1748 3224 fit
1764 3175 1928 3239 arbiter.
1963 3177 2084 3225 Solus
2101 3198 2199 3243 cog-

558 3239 681 3281 nouit
696 3236 876 3283 causs'am
892 3275 905 3295 ‚
932 3237 1040 3284 solus
1068 3237 1239 3284 diremit
1263 3239 1466 3287 arbitratu
1495 3241 1594 3299 suo,
1611 3242 1843 3306 pacemq'ue
1857 3248 2072 3290 reuocauit
2087 3242 2198 3293 tant&
2266 3251 2268 3301 ζ
2315 3244 2321 3270 3¹

559 3299 710 3362 populi
740 3302 1025 3364 gratulatione
1054 3301 1304 3367 plausuque,
1330 3321 1374 3352 vt
1392 3306 1620 3367 prodeunti
1650 3325 1693 3353 ln
1723 3305 1949 3369 publicum
1985 3306 2196 3355 Malcotio

554 3362 698 3411 faustis
727 3365 903 3414 vocibus
922 3368 1110 3416 vniueria
1133 3370 1280 3414 ciuitas
1304 3368 1561 3418 acclamaret.
1617 3375 1813 3421 Cortraci
1832 3371 2004 3419 modica
2021 3371 2194 3420 scintilla

2113 3437 2193 3485 litis
