2326 4080
541 337 610 384 26
786 338 1035 381 IMAGO
1078 338 1288 381 PRIMI
1339 336 1605 379 SAECVLI
1649 334 1796 378 SOC.
1836 334 1998 380 IESV.

543 419 669 462 ramis
688 434 840 462 omnes
861 415 1021 482 vbique
1033 433 1236 464 terrarum
1253 420 1440 481 regiones
1467 418 1598 479 coepit
1615 424 1810 478 opacare?
1831 413 2054 463 Arborum
2076 408 2197 462 nullat

543 482 604 528 est
617 521 631 541 ‚
654 498 725 528 aut
745 482 1016 546 plantarum,
1044 498 1139 546 quae
1155 500 1244 529 non
1262 481 1439 545 aliquod
1455 480 1608 528 habuit
1632 484 1884 527 incrementi
1909 480 1969 527 sui
1993 479 2197 544 spatium-'3

541 546 587 593 in
612 546 694 593 hac
729 566 836 595 vnus
865 566 999 594 annus
1025 549 1106 594 fuit
1136 551 1244 594 inter
1268 551 1503 594 minimam
1533 546 1707 609 stirpem
1739 554 1782 593 δε
1811 548 2048 592 maximam
2074 547 2196 594 arbo-

543 628 661 672 rem,
687 612 801 677 prius
823 629 868 661 vt
884 618 1057 660 inuenta
1082 612 1131 659 sit
1160 630 1326 660 matura
1350 611 1405 659 ad
1436 613 1652 667 faustum,
1682 611 1817 675 quam
1847 610 1902 658 ad
1926 611 2048 659 vsum
2081 611 2198 659 seire-

541 692 608 723 tur
625 679 797 725 idonea.
849 672 1085 739 Enimuero
1112 678 1293 727 vixdum
1311 680 1468 724 Romae
1495 676 1579 724 sata
1602 694 1736 740 egerat
1760 677 1914 724 radices
1929 715 1942 735 ,
1968 677 2068 723 cum
2089 676 2198 727 vltra

543 737 775 792 vastrssima
802 745 968 791 Oceani
991 744 1121 807 spatia
1144 743 1272 807 stirpe
1297 742 1554 807 propagata,
1585 742 1668 788 visa
1700 742 1760 790 est
1790 741 1959 805 repente
1987 739 2075 788 illic
2107 755 2197 791 non

543 808 717 855 crescere
734 826 781 857 vt
793 808 933 869 arbor,
949 809 1017 856 sed
1035 808 1148 856 velut
1161 808 1466 867 arbustum‚vt
1489 811 1546 855 ita
1563 806 1704 853 dicam
1721 846 1734 866 ,
1759 805 1981 854 filuescere.
2012 809 2199 857 Miratur
2226 831 2230 837 ··

546 878 643 937 quis
661 872 800 938 plures
819 878 1029 921 Americae
1047 890 1181 937 partes
1203 872 1318 920 velut
1334 872 1614 930 extraorbem
1635 869 1808 936 positaS,
1832 870 2092 933 paucissimis
2122 873 2199 922 ab»

547 938 650 986 hinc
668 943 787 987 annis
805 945 849 987 in
863 957 1146 987 communem
1160 938 1395 986 Christiani
1411 937 1525 985 orbis
1543 937 1759 984 ambitum
1785 936 1974 984 reduetas
1992 947 2005 983 ?
2022 941 2202 988 miratur

549 1009 825 1052 inueteratam
851 1022 916 1052 tot
934 1003 1091 1052 saeculis
1115 1004 1355 1052 barbariem
1381 1022 1429 1050 ex
1448 1001 1599 1052 vltiirffi
1627 1001 1825 1050 Barbari&
1851 1007 2199 1053 exterminatam?

548 1086 711 1134 apertas
729 1070 995 1118 sanetiffimae
1020 1068 1239 1134 Religioni
1256 1069 1410 1116 nostrae
1429 1086 1551 1116 terras
1570 1065 1658 1114 illas
1672 1107 1686 1128 ,
1706 1086 1811 1132 quas
1831 1067 2080 1116 mortalium
2097 1090 2202 1118 ocu-

549 1133 597 1181 lis
616 1154 687 1199 per
712 1152 777 1182 tot
800 1153 936 1183 aetates
966 1152 1115 1183 natura
1141 1134 1423 1182 mbduxerat?
1467 1134 1612 1180 referat
1631 1133 1718 1180 hoc
1746 1137 1791 1180 in
1824 1137 2000 1198 acceptis
2027 1136 2202 1184 Nobrea

548 1218 636 1264 gae,
665 1199 953 1266 Azpilquetae‚
984 1201 1133 1265 totque
1159 1197 1351 1262 impulsis
1381 1195 1642 1263 Apostolico
1668 1198 1816 1262 spiritu
1839 1202 1936 1247 viris
1953 1239 1966 1258 ,
2004 1217 2132 1266 atque
2155 1207 2201 1250 in

547 1270 696 1329 primis
723 1267 1056 1328 Thaumaturgo
1086 1263 1149 1312 illi
1177 1264 1362 1329 Iosepho
1387 1265 1634 1322 Anchietae3
1670 1266 1722 1310 de
1747 1279 1837 1328 quo
1867 1263 2099 1313 Praelulum
2118 1272 2205 1331 pri-

548 1349 644 1378 mus
661 1335 706 1377 in
724 1331 844 1378 Orbe
861 1349 982 1378 nouo
1000 1334 1142 1377 Petrus
1158 1332 1359 1377 Leitanus
1377 1329 1549 1377 solenne
1564 1329 1753 1376 habebat
1773 1330 1929 1391 dicere,
1947 1334 2204 1382 Societatem

548 1400 593 1442 in
612 1397 809 1444 America
834 1394 1046 1443 annulum
1066 1395 1142 1444 esse
1169 1413 1369 1455 aureum,
1398 1394 1547 1443 annuli
1571 1413 1796 1460 gemmam
1819 1396 1895 1442 esse
1922 1396 2202 1445 Anchietaim

552 1462 724 1509 Gaudet
753 1465 846 1526 quis
864 1479 954 1509 non
976 1479 1046 1508 eos
1075 1460 1244 1508 tantum
1264 1467 1340 1524 qui
1364 1460 1520 1508 infelici
1549 1477 1710 1507 naturae
1735 1460 1989 1507 conditione
2019 1465 2207 1510 miserri-

550 1544 672 1574 mam
698 1527 936 1575 seruiebant
963 1527 1207 1574 seruitutem
1224 1565 1236 1586 ,
1270 1526 1340 1573 sed
1367 1537 1410 1574 δε
1435 1524 1725 1573 nobilissimos
1763 1526 1965 1590 sanguine
1998 1530 2207 1590 Proceresy

550 1589 800 1639 clarissimos
814 1592 1055 1640 diademate
1069 1594 1366 1656 Imperatores,
1388 1610 1613 1640 coronatos
1629 1595 1816 1651 vertices,
1833 1591 2035 1639 humeros
2047 1612 2208 1659 purpu-

552 1674 664 1704 ratos
690 1663 733 1704 in
764 1658 909 1705 Africa
924 1658 1171 1705 suauiffimo
1208 1660 1248 1703 C
1269 1673 1486 1705 HRrsT1
1517 1662 1621 1722 iugo
1655 1655 1917 1704 submisisse?
1942 1658 2098 1722 gaudet
2115 1679 2207 1707 ma-

551 1741 675 1770 crum
695 1722 803 1770 illud
819 1722 1014 1771 &sterile
1029 1723 1268 1786 AEthiopiae
1284 1723 1423 1770 solum
1444 1723 1625 1788 disperso
1653 1740 1787 1786 nuper
1804 1722 1916 1770 Fidei
1938 1727 2098 1771 {emine
2124 1730 2207 1774 vir-

549 1804 692 1835 tutum
725 1789 918 1852 frugibus
953 1788 1122 1853 coepiffe
1153 1786 1436 1836 efflorescere?
1480 1788 1680 1853 agnoscat
1715 1789 1785 1835 hic
1820 1790 2007 1848 Ouiedi‚
2049 1793 2205 1854 Pae‘zij,

555 1856 750 1914 Barrerij‚
777 1853 965 1901 Silueriae
982 1871 1099 1902 curas
1117 1879 1127 1912 3
1144 1853 1343 1918 agnoscat
1360 1856 1512 1918 Ignatij
1535 1852 1662 1918 ipsius
1695 1862 1737 1901 δε
1763 1858 1975 1901 Societatis
2004 1858 2210 1904 vniuersa:

553 1918 691 1966 iudea
709 1921 768 1966 sui
784 1923 994 1984 principio
1012 1937 1089 1983 pro
1114 1918 1330 1966 Abassinis
1352 1919 1493 1967 studia
1503 1959 1516 1980 ,
1543 1938 1622 1966 nec
1649 1919 1847 1968 laborum
1867 1920 2058 1985 oppressa
2074 1921 2209 1984 mole,

553 2001 634 2032 nec
653 1983 824 2033 sinistris
853 1984 1103 2033 successibus
1142 1994 1185 2031 δε
1215 1984 1423 2049 frequenti
1453 2002 1661 2033 votorum
1689 1984 1962 2033 frustratione
1987 1988 2208 2036 retardata.

553 2051 679 2097 Nam
697 2049 861 2114 quidin
875 2049 975 2097 alias
992 2068 1107 2097 nunc
1133 2049 1287 2097 mundi
1306 2069 1397 2097 oras
1419 2050 1629 2098 deferatur
1653 2055 1819 2098 oratio?
1854 2054 2082 2114 Iaponiam
2103 2056 2210 2101 certe

552 2131 645 2163 non
679 2120 1003 2180 praetermittam
1031 2120 1206 2174 tacitus,
1236 2133 1309 2179 per
1352 2120 1471 2162 cuius
1498 2115 1709 2180 sexaginta
1752 2116 1818 2162 sex
1854 2119 2010 2181 Regna
2045 2136 2210 2183 quanto

553 2180 698 2228 frutstu
739 2199 883 2229 ramos
911 2182 1007 2229 flios
1046 2180 1138 2228 haec
1174 2179 1299 2228 arbor
1335 2180 1596 2238 extenderit,
1635 2180 1751 2228 facili
1785 2181 2033 2229 coniectura
2066 2186 2209 2249 quiuis

555 2244 814 2310 assequetur,
833 2244 865 2294 fi
882 2246 1054 2305 dixero,
1084 2245 1276 2310 pluribus
1307 2251 1427 2293 annis
1460 2264 1668 2311 magnum
1696 2245 1820 2293 illum
1845 2247 2069 2295 Indiarum
2087 2252 2212 2313 Apo-

556 2308 719 2358 stolum
736 2351 749 2371 ,
782 2312 983 2376 Fideique
1019 2311 1198 2359 satorem
1228 2315 1467 2359 Xauerium
1494 2314 1586 2359 istic
1614 2312 1846 2359 sementem
1873 2313 2020 2360 fecisse.
2071 2316 2209 2363 Cuius

558 2380 638 2423 viri
665 2376 901 2425 vberrimos
932 2378 1094 2423 fruetus
1129 2383 1170 2424 in
1202 2395 1402 2425 aceruum
1430 2376 1461 2425 fi
1494 2395 1644 2441 cogas,
1683 2378 1793 2424 dices
1834 2396 1935 2425 eum
1966 2396 2055 2426 non
2081 2385 2211 2429 Vnius

556 2439 722 2491 arboris
748 2442 866 2489 fuisse
890 2441 1137 2499 surculum,
1169 2442 1236 2489 sed
1269 2442 1503 2489 multarum
1535 2443 1742 2489 arborum
1782 2442 2072 2491 seminarium.
2112 2449 2213 2494 Nec

558 2525 662 2553 cum
689 2506 775 2554 vit‘a
798 2504 927 2554 finitae
944 2507 1038 2554 sunt
1055 2511 1140 2554 eius
1161 2526 1238 2571 pro
1255 2511 1435 2555 Oriente
1452 2526 1573 2554 curte.
1615 2508 1943 2570 Amplissimum
1965 2510 2213 2561 Chinarum

557 2574 782 2636 Regnum,
805 2589 868 2620 tot
886 2573 993 2620 retro
1008 2571 1161 2620 saeculis
1195 2572 1385 2620 clausum
1415 2573 1607 2620 humano
1628 2578 1889 2621 commercio
1905 2614 1918 2634 ‚
1945 2575 2066 2639 quod
2087 2580 2212 2626 viuus

558 2654 775 2700 penetrare
791 2657 879 2685 non
896 2642 1172 2698 potuit‚nunc
1189 2639 1361 2685 tandem
1382 2638 1520 2685 ecaelis
1539 2638 1787 2685 Christiano
1804 2640 1998 2703 patefecit
2011 2645 2209 2707 imperio,

563 2704 719 2767 Nuper
739 2707 855 2750 enim
882 2702 1130 2750 fidelissimis
1161 2708 1318 2750 nuntiis
1357 2701 1669 2763 intelleximus,
1705 2704 1950 2753 Chinarum
1977 2710 2214 2771 Imperato-

560 2785 649 2815 rem
681 2772 827 2816 inania
851 2772 1104 2815 Numinum
1138 2767 1359 2816 simulacra
1388 2772 1539 2816 omnia
1571 2770 1592 2816 ὲ
1617 2772 1790 2821 Larario
1818 2770 1893 2817 suo
1917 2771 2209 2837 proscripsisse.

561 2833 689 2895 Quid
718 2832 884 2880 affinius
918 2835 972 2881 ad
1004 2833 1135 2880 fidem
1153 2834 1446 2881 Christianam
1466 2834 1759 2898 capessendam
1781 2875 1793 2894 ‚
1821 2837 1955 2900 quam
1972 2837 2024 2884 eo
2044 2837 2216 2886 adscen-

559 2898 675 2956 dffl'e,
697 2896 790 2960 vbi,
806 2897 836 2946 si
855 2898 1163 2963 progrediatur,
1193 2904 1414 2964 proximus
1441 2900 1593 2964 gradus
1612 2900 1672 2947 est
1680 2939 1694 2959 ,
1707 2900 2001 2950 'Catholicum
2018 2902 2113 2950 esse?
2131 2904 2214 2953 Sed

558 2963 672 3010 mihi
705 2982 778 3026 per
803 2963 902 3011 alias
931 2969 1121 3022 regiones
1157 2965 1318 3011 fruetus
1351 2963 1567 3029 colligenti
1599 2981 1695 3011 ante
1720 2964 1866 3013 oculos
1890 2965 2138 3016 obuersatur
2160 2969 2216 3017 ila

560 3026 638 3076 lud
656 3029 906 3076 fumiferum
929 3028 1067 3076 solum
1087 3069 1100 3089 ,
1128 3033 1170 3075 in
1191 3035 1313 3077 ‘cuius
1344 3035 1510 3092 gremio
1534 3029 1624 3076 haec
1653 3028 1780 3077 arbor
1804 3032 1997 3096 primum
2026 3033 2111 3081 sata
2139 3035 2214 3094 est;

562 3094 683 3158 quod
697 3069 818 3141 issam
836 3094 935 3154 su0‚
960 3111 1009 3143 vt
1027 3094 1237 3154 cresceret,
1255 3095 1378 3141 succo
1395 3094 1498 3142 aluit
1518 3120 1528 3152 3
1558 3112 1605 3143 vt
1624 3094 1788 3143 floreret
1804 3136 1817 3156 ,
1842 3096 1980 3144 calore
1998 3099 2108 3146 fouit
2126 3125 2138 3158 ·,
2167 3117 2215 3149 vt

352 3175 515 3213 Societatia
561 3176 894 3223 propagaretur,
931 3159 1205 3208 adminiculis
1235 3157 1370 3216 fulfit3
1399 3162 1600 3222 Europa,
1629 3178 1725 3224 quae
1755 3178 1825 3207 me
1852 3161 1923 3209 sua‘i
1952 3163 2216 3213 fecunditate

346 3225 523 3280 frnaeusjn
561 3224 616 3272 ad
632 3224 710 3272 sese
723 3228 900 3288 rapit,&
914 3224 994 3272 alia
1006 3242 1207 3272 terrarum
1223 3223 1308 3272 sola
1325 3224 1503 3271 deserere
1521 3225 1726 3273 hortatur.
1750 3230 1860 3273 Non
1880 3228 2050 3290 possum
2072 3233 2114 3277 in
2131 3231 2216 3279 hoc

353 3276 496 3321 fizaropa.
561 3310 721 3354 campo
737 3330 750 3351 ‚
766 3295 809 3337 in
824 3308 913 3354 quo
929 3289 990 3339 ob
1009 3289 1342 3337 immensitatem
1373 3290 1557 3337 exultare
1581 3291 1707 3355 possit
1734 3295 1901 3348 oratio,
1939 3291 2065 3358 figere
2089 3296 2217 3343 vesti-

562 3361 687 3421 gium
704 3395 718 3417 ,
744 3354 776 3403 fi
809 3354 970 3420 reliqua
989 3356 1188 3420 prosequi
1206 3353 1433 3402 confilium
1450 3356 1604 3402 fuerit:
1630 3355 1704 3403 h'ic
1721 3356 1943 3404 enimuero
1968 3376 2086 3407 tanta
2113 3361 2216 3426 sug-

562 3425 720 3486 geritur
734 3421 907 3470 dicendi
923 3420 1026 3470 silua
1038 3461 1054 3483 ‚
1072 3438 1120 3472 vt
1142 3424 1283 3487 magis
1301 3419 1378 3470 vbi
1396 3419 1578 3481 desinere
1606 3420 1760 3487 possim
1774 3460 1788 3483 ‚
1814 3423 1950 3488 quam
1976 3426 2093 3476 vnde
2107 3428 2215 3474 inci-

2117 3509 2217 3556 pere
