2321 4013
254 234 430 281 LIBER?
457 235 674 281 SEXTVS·
715 235 988 281 SOCIETAS
1030 235 1597 282 FLANDRO-BELGICA.
1687 242 1802 293 907

482 382 904 440 oRATio
997 376 1399 448 TERTIA

139 512 440 591 Paraenetica
470 513 754 576 adPatres
792 519 1037 577 Societatbs
1063 518 1136 577 IE
1155 538 1178 576 s
1193 538 1229 579 V
1260 511 1792 578 Promanlandrom

133 610 137 612 ’
220 593 729 681 Βεζξίεαρσυῑρντίὲψω
743 607 922 659 animis
933 601 1295 683 qnazss'rnasfhae
1310 603 1577 661 Prouinciae
1592 596 1793 679 Missioa

223 703 309 740 nes
318 717 336 753 ,-
352 683 659 743 Batanimm
668 730 686 756 ,
703 684 1039 765 Castrensbm,
1054 688 1129 745 N
1122 682 1317 745 amulam
1332 729 1347 752 ‚
1365 701 1513 770 atque
1545 677 1794 768 adpestifi’-

219 785 302 823 ros
325 765 536 848 capaffi’re
549 768 927 852 porrbpergant.

97 907 100 909 ’
137 933 143 937 -
209 912 213 916 “
275 904 371 948 Vm
382 905 550 950 animos
569 902 742 963 vestros,
759 921 807 950 ac
820 906 994 951 incitata
1010 902 1064 951 ad
1077 898 1217 951 salutis
1235 901 1378 950 alienae
1391 921 1534 951 curam
1549 900 1792 965 studia,mi-=

134 991 140 994 -
276 964 323 1013 hi
345 964 406 1015 ob
434 967 582 1016 oculos
612 986 731 1032 pono
747 1007 761 1028 ,
792 968 1033 1018 Reuerendi
1063 973 1199 1016 Patres
1219 1005 1234 1030 ,
1245 984 1417 1016 tantum
1440 968 1717 1017 flammarum
1747 980 1791 1020 &

136 1032 310 1094 ignium
338 1035 385 1080 in
412 1032 734 1098 generofiffimis
758 1038 962 1081 omnium
986 1032 1233 1098 peetoribus
1262 1033 1402 1081 ardere
1415 1033 1544 1083 video
1556 1073 1571 1093 ,
1585 1051 1631 1084 vt
1647 1053 1723 1083 vos
1739 1037 1793 1084 ad

137 1094 328 1158 labores,
343 1108 452 1163 q'uos
471 1103 715 1146 animarum
735 1098 875 1146 caussa
898 1101 1059 1154 fortiter-
1072 1099 1274 1164 suscipitis
1294 1139 1306 1159 ,
1326 1108 1370 1147 ὃς
1385 1097 1568 1163 pericula
1583 1138 1596 1159 ,
1615 1118 1710 1163 quae
1724 1119 1795 1166 ge-

137 1161 283 1209 nerose}
297 1168 588 1226 contemnitis,
605 1163 791 1211 alacriterv
805 1162 1023 1212 subeunda
1037 1164 1210 1225 hortari,
1231 1173 1274 1212 ὃ(
1291 1181 1430 1230 operae
1457 1164 1643 1212 minime
1656 1167 1795 1213 neces-

137 1226 251 1274 ssriae
264 1267 278 1288 ,
319 1236 363 1276 &
391 1230 702 1294 intempestiuae
728 1228 1004 1277 solicitudinis
1027 1231 1104 1278 esse
1129 1230 1347 1279 videatur.
1388 1229 1468 1277 Sed
1490 1227 1796 1280 facilem—mihi

135 1296 311 1341 veniam
328 1293 352 1342 a
368 1293 494 1343 vobis
520 1292 724 1359 polliceor
735 1327 750 1355 5
778 1293 854 1343 vbi
869 1293 1165 1355 intellexeritis,
1184 1314 1253 1343 me
1270 1295 1315 1342 id
1342 1304 1493 1344 'eorum
1524 1294 1694 1343 tantum
1721 1316 1798 1344 ati-⁷

138 1359 334 1406 &oritate
347 1357 515 1417 audere,
532 1357 690 1425 quibus
706 1357 970 1408 fireluecarer
986 1398 1000 1422 ,
1018 1364 1191 1408 maioris
1212 1358 1346 1425 culpae
1366 1379 1484 1408 reum
1510 1360 1681 1425 vosipsi
1705 1381 1803 1415 me-,

136 1421 218 1471 rito
237 1428 582 1487 pronuntiaretis.
611 1431 765 1492 Qare
780 1429 889 1472 &iis
909 1425 1066 1491 quibus
1084 1425 1218 1474 debeo
1233 1426 1385 1491 parere,
1402 1434 1445 1474 &
1460 1425 1620 1487 vestris,
1637 1426 1793 1491 quibus

135 1487 347 1537 dissentire
359 1489 465 1538 nolo
479 1490 645 1538 iudiciis
661 1531 674 1551 ,
690 1489 1034 1555 obtemperabo..
1081 1490 1240 1539 Dicam
1267 1489 1318 1538 de
1335 1509 1523 1557 quatuor
1536 1492 1796 1541 Christianae

137 1557 301 1618 pietatis
316 1554 485 1613 officiis,
502 1575 596 1621 quae
614 1556 712 1603 cum
728 1560 857 1620 primi
870 1556 1026 1615 nostrae
1040 1560 1254 1605 Societatis
1273 1560 1463 1604 austores
1478 1556 1636 1604 diuinis
1655 1559 1795 1623 auspi-

136 1623 234 1681 ciis,
252 1619 307 1669 ab
325 1619 422 1686 ipsis
437 1620 547 1669 illius
573 1619 692 1687 quasi
723 1618 994 1669 incunabulis
1019 1622 1204 1687 amplexi
1222 1624 1342 1681 sunt,
1362 1639 1459 1669 tum
1482 1640 1559 1671 vos
1592 1621 1795 1672 Flandro-

137 1684 295 1751 Belgae,
309 1704 461 1734 eorum
478 1688 647 1751 posteri,
665 1690 752 1750 pari
764 1686 980 1751 hodieque
991 1686 1133 1735 studio
1149 1697 1193 1736 ὃς
1207 1687 1417 1735 alacritate
1434 1686 1793 1752 complezfflzimini.

139 1755 263 1817 Qae
291 1751 470 1816 quando
501 1751 554 1798 ad
572 1751 776 1798 tuendam
805 1751 1215 1817 propagandamcjue
1241 1751 1356 1815 apud
1374 1757 1558 1798 Batauos
1575 1755 1720 1800 sanam
1735 1759 1799 1801 Fi-

135 1814 240 1864 dem
256 1857 270 1877 ,
286 1815 341 1864 ad
355 1816 608 1864 conferenda
624 1814 863 1863 Catholicis
887 1814 1099 1864 militibus
1113 1816 1217 1863 terr-‘a
1230 1815 1427 1881 maric'iue
1440 1816 1798 1879 pugnantibus,ac

138 1879 321 1929 demum
338 1880 547 1947 pestilenti
563 1879 632 1929 lue
645 1898 715 1946 per
731 1879 854 1929 vrbes
870 1880 1038 1929 infe-stis
1057 1898 1219 1929 aeternae
1231 1879 1377 1940 ,salutis
1405 1880 1561 1928 auxilia
1586 1921 1601 1945 ,
1629 1882 1799 1933 summi}

138 1943 225 1993 fide
237 1985 250 2003 ,
268 1947 508 1995 constantis}
522 1956 565 1995 ὃς
580 1945 792 1994 alacritate
805 1951 1001 1994 nituntur
1019 1981 1033 2007 ,-
1046 1964 1138 1994 non
1155 1944 1235 1994 nifi
1248 1947 1272 1994 a
1291 1944 1545 1994 sublimibus
1560 1950 1714 1994 animis
1728 1989 1742 2010 ‚
1756 1958 1799 1997 «Sc

139 2010 195 2060 ad
208 2016 409 2061 virtutem
425 2016 533 2060 natis
547 2052 562 2073 ,
592 2029 664 2060 aut
680 2011 880 2076 generose
904 2011 1052 2077 suscipi
1079 2012 1252 2077 possunt
1279 2026 1352 2058 aut
1383 2011 1622 2059 constanter
1637 2014 1799 2063 struari.

141 2077 326 2143 Qibus
347 2078 400 2126 de
418 2077 539 2126 rebus
556 2077 655 2125 cum
671 2077 813 2125 dicam
831 2117 845 2138 ,
862 2076 994 2126 velim
1011 2096 1080 2125 eos
1107 2095 1189 2141 ego
1216 2090 1287 2124 me
1305 2084 1348 2123 &
1377 2076 1526 2124 sentire
1543 2085 1587 2125 &
1603 2076 1800 2127 exhibere

139 2143 254 2207 posse
271 2146 407 2192 animi
418 2157 584 2205 motus,
600 2142 757 2208 quibus
772 2145 935 2191 incitati
950 2161 1102 2190 omnes
1117 2161 1196 2190 nos
1210 2158 1301 2191 tam
1317 2140 1492 2207 gloriosi
1504 2140 1659 2190 laboris
1674 2143 1799 2192 decus

140 2224 230 2256 non
246 2214 352 2257 tueri
377 2208 551 2258 tantum
568 2249 581 2269 ,
611 2209 679 2257 sed
706 2212 752 2256 in
769 2212 905 2256 maius
920 2212 1051 2256 etiam
1067 2211 1247 2256 austum
1264 2206 1636 2274 propagatumque
1652 2208 1704 2256 ad
1718 2214 1801 2257 mi-

140 2286 263 2322 nores
282 2293 458 2340 quoque
475 2276 640 2323 nostros
658 2275 938 2322 transmittere
955 2275 1184 2339 gestiamus
1204 2309 1212 2320 .
1246 2275 1392 2339 Atque
1407 2290 1454 2322 vt
1471 2272 1570 2320 inde
1592 2275 1798 2338 exordiar,

141 2339 257 2387 vnde
274 2344 437 2405 primus
453 2338 606 2387 merito
632 2339 850 2387 ducendus
866 2339 926 2388 est
952 2340 1087 2388 cursus
1105 2343 1447 2403 orationis-meae,
1466 2339 1558 2386 latis
1577 2339 1690 2404 apud
1700 2360 1800 2389 om-

143 2422 215 2452 nes
232 2403 412 2466 constat,
430 2421 590 2470 quanta
608 2406 768 2470 semper
782 2405 904 2453 fiierit
921 2414 964 2453 &t
983 2406 1256 2469 prouidentia
1271 2405 1435 2453 Mentis
1449 2421 1626 2464 aeternae,
1650 2414 1692 2453 &
1709 2406 1800 2454 san-

142 2470 433 2519 &issimorum
446 2472 683 2518 hominum
702 2487 815 2532 cura,
831 2489 884 2518 ne
903 2472 1023 2519 castae
1041 2470 1278 2535 Religionis
1298 2473 1512 2535 integritas
1529 2487 1600 2517 aut
1631 2474 1802 2519 vitiare«,

143 2551 210 2583 tur
223 2536 371 2585 afflatu
400 2536 604 2585 haeresum
619 2576 633 2596 ,
660 2553 732 2584 aut
758 2536 864 2583 certe
878 2535 953 2583 illo
970 2535 1038 2584 vel
1055 2534 1199 2583 leuiter
1215 2533 1436 2584 obscurata
1450 2535 1727 2584 restitueretur
1756 2542 1801 2586 in

146 2602 382 2667 antiquum
395 2600 664 2668 splendorem
682 2600 1007 2666 pulchritudinis
1025 2602 1230 2649 suaeHaec
1245 2601 1439 2651 videlicet
1451 2601 1562 2648 edita
1576 2606 1662 2649 iam
1675 2602 1803 2663 olim,

145 2675 189 2714 &
210 2667 412 2715 humanae
428 2671 594 2718 virtutis
614 2666 820 2732 exempla,
840 2677 883 2715 ὃς
901 2667 1058 2714 diuinae
1079 2671 1123 2714 in
1142 2667 1260 2714 suam
1279 2666 1507 2715 Ecclesiam
1523 2668 1803 2732 prouidentiae

145 2731 432 2792 documenta,
460 2738 553 2787 iam>
563 2749 659 2792 tum
684 2731 740 2781 fic
755 2731 1135 2797 interpretabantur
1154 2737 1333 2781 maiores
1356 2733 1517 2793 nostri,
1548 2749 1804 2782 aeternorum

146 2798 426 2846 consiliorum
442 2797 572 2846 seduli
589 2797 871 2847 Obseruatores
891 2839 903 2858 ,
926 2816 973 2847 vt
989 2798 1088 2849 cum
1104 2797 1158 2846 ad
1184 2798 1265 2846 alia
1291 2802 1451 2864 quaeuis
1470 2802 1525 2845 rei
1547 2798 1804 2847 Christianae

146 2864 386 2912 commoda
399 2904 412 2925 ,
430 2881 525 2911 tum
541 2860 593 2911 ad
610 2862 803 2911 elidenda
829 2877 1058 2928 prauarum
1076 2868 1340 2928 opinionum
1371 2863 1505 2928 vulgo
1522 2865 1805 2912 enascentium

147 2934 341 2993 germina
355 2928 571 2982 luculento
587 2929 746 2977 diuinae
763 2928 995 2977 voluntatis
1010 2946 1121 2990 nutu
1139 2928 1336 2977 destinari
1353 2931 1389 2978 se
1402 2931 1613 2977 crederent
1631 2967 1639 2976 .
1679 2931 1806 2977 Vnde

149 2994 203 3041 ab
219 2994 315 3059 ipfis
330 2994 455 3061 plane
472 2992 692 3042 cunabulis
711 3035 723 3055 ,
739 2994 879 3042 adhuc
902 3032 915 3052 ,
943 3012 989 3043 vt
1006 2998 1064 3042 ita
1082 2994 1225 3042 dicam
1240 3035 1253 3056 ‚
1270 2993 1479 3042 infantula
1494 3035 1507 3056 ,
1522 3014 1568 3041 ac
1585 2994 1763 3043 vixdum
1781 2993 1805 3041 a

151 3057 259 3108 laste
272 3060 445 3126 depulsa
461 3064 658 3120 Societas,
678 3061 788 3108 hanc
804 3064 1039 3125 principem
1054 3062 1230 3108 suorum
1263 3079 1494 3108 munerum
1521 3078 1683 3125 partem
1699 3077 1801 3121 prae*

151 3128 280 3189 cipuo
314 3145 491 3192 quoque
516 3124 660 3174 studio
689 3125 885 3191 amplexa
916 3126 973 3172 est
990 3167 1002 3186 ,
1028 3144 1075 3174 ac
1106 3124 1386 3174 ffinetiffimos
1404 3130 1489 3172 eius
1509 3141 1680 3170 conatus
1701 3141 1801 3186 pro·

150 3189 332 3239 uehente
348 3196 565 3252 Numine,
585 3210 631 3238 ea
648 3211 788 3239 rerum
807 3207 1034 3239 momenta
1047 3191 1186 3239 attulit
1203 3232 1215 3252 ,
1231 3209 1278 3239 vt
1304 3197 1378 3257 qui
1397 3196 1481 3237 eius
1500 3194 1541 3235 in
1557 3188 1641 3234 hoc
1654 3206 1802 3251 genere

153 3254 334 3318 gloriam
349 3256 590 3318 deterere,&
609 3257 829 3306 obscurare
841 3258 1005 3305 famam
1020 3256 1284 3321 audeat,ipfis
1299 3261 1427 3304 etiam
1445 3257 1598 3301 Gratiis
1615 3257 1799 3317 ingratus

153 3321 353 3387 esse‘possc
364 3321 565 3372 videatur.
584 3323 867 3373 Inualcscebat
889 3323 1083 3372 vniuersfi
1109 3325 1240 3387 prope
1260 3319 1490 3370 Germani-52
1518 3318 1711 3383 pestilens
1740 3335 1801 3364 te-

1030 3393 1073 3438 Y
1090 3407 1116 3452 y
1135 3403 1162 3453 y
1175 3406 1202 3451 y
1216 3406 1242 3451 y
1282 3407 1305 3431 2,
1619 3381 1799 3432 mulenti
