2321 4013
377 445 528 490 Affis‘lcn-

378 504 432 526 ΙΜ-

377 637 401 667 S
405 647 423 666 n
426 635 527 680 perio-

377 695 448 715 νων
469 694 531 713 att-

377 730 502 763 {bontas

375 777 554 812 monarchi·-

373 837 421 864 ca,

373 1481 449 1509 10:117.
467 1489 510 1509 xo.

370 1678 519 1722 (imerali

365 1727 505 1773 fialvdcta,

371 2000 506 2032 triennio

368 2046 479 2081 durat.

368 2278 537 2315 eAmbitio

368 2329 505 2374 exclufh.

365 2609 509 2643 Prouin-

366 2659 457 2691 ciales
477 2657 514 2692 (ἢ

366 2705 509 2738 Κεῖὲονες

367 2752 530 2785 Generalis

363 2797 550 2845 admimftri.

363 3181 445 3220 Apud
467 3181 546 3211 Stob-

586 302 686 358 146
858 304 1110 347 IMAGO
1145 302 1359 346 PRIMI
1404 299 1666 343 SAECVLI
1708 300 1846 342 SOC.
1889 302 2052 344 IESV.

581 375 898 438 preeuertendis.
936 377 1044 439 Quo
1070 375 1211 423 minus
1245 392 1385 422 autem
1417 375 1566 438 fatiget
1595 373 1749 421 sarcina
1773 372 2012 421 multorum
2041 374 2221 428 humeris

581 440 817 501 subleuata,
834 440 1030 490 Generali
1046 442 1240 488 adiuncti
1254 440 1347 487 sunt
1362 438 1621 499 Assistentes,
1634 438 1782 485 altiore
1807 438 2030 502 prudentia
2058 444 2223 494 viri:'v1:

581 510 708 553 Vnius
733 510 967 571 imperium
1001 506 1180 554 confilio
1198 505 1387 570 plurium
1414 504 1626 551 fulciatur.
1664 508 1812 567 Itaque
1830 503 1941 551 nihil
1966 504 2222 570 admodum,

582 569 662 619 nisi
681 572 871 619 instituta
898 570 1203 620 deliberatione
1227 575 1392 635 geritur.
1420 576 1541 633 Qae
1557 574 1601 616 in
1616 568 1804 616 concilio
1822 572 2050 633 agitantur,
2073 573 2222 621 aud÷tis

585 639 757 684 Patrum
774 638 997 698 sententiis,
1012 637 1122 685 solus
1144 635 1395 699 Praepofitus
1414 634 1585 682 decidit.
1617 635 1667 681 ld
1683 634 1804 698 quod
1823 639 1953 680 etiam
1983 639 2224 686 Prouincia-
2276 663 2278 667 ·

584 718 681 748 rum
698 710 739 749 &
756 702 1058 767 Collegiorum
1074 701 1427 749 Moderatoribus
1441 700 1628 747 solemne
1641 699 1714 752 est3
1733 698 1775 745 su
1783 718 1824 745 m
1832 698 1901 745 ma
1915 717 2053 747 rerum
2067 701 2236 767 semper⁴

583 767 637 814 ad
656 771 902 830 imperantis
927 768 1151 815 arbitrium
1166 768 1375 813 redeunte.
1391 766 1498 812 Inde
1514 765 1694 812 nascitur
1713 763 2015 812 membrorum
2044 775 2087 813 δε
2115 774 2222 832 capi-

582 836 632 878 tis
656 833 939 880 arfflssimum
969 834 1191 881 vinculum
1210 857 1220 890 ·,
1242 830 1367 896 quale
1391 847 1554 894 patrem
1584 829 1821 901 liberosque
1852 829 2090 896 adstringit.
2120 835 2222 884 Inde
2275 841 2277 885 ξ

581 915 663 960 pax
684 902 874 963 &quies,
889 916 1021 962 quam
1037 898 1199 962 alioqui
1216 896 1472 944 consulentis
1493 905 1535 943 ὃς
1559 893 1784 954 consiliari]
1806 913 1879 958 par
1895 899 1937 941 in
1956 896 2222 949 decernendo

580 961 753 1009 facultas
780 963 902 1010 facile
932 963 1104 1010 diuidit.
1135 963 1250 1009 Raro
1274 979 1465 1025 namque
1487 961 1642 1007 discors
1671 959 1838 1006 libertas
1868 978 2006 1008 arcem
2026 981 2217 1028 occupat,

579 1028 757 1090 quando
775 1033 848 1077 vni
862 1045 1042 1093 paretur.
1069 1027 1141 1076 Ad
1160 1025 1377 1091 Praepositi
1401 1026 1579 1090 proinde
1610 1024 1825 1072 Generalis
1848 1025 2116 1075 voluntatem
2142 1048 2221 1078 nu-

579 1092 760 1157 tumque
784 1110 906 1141 ceteri
930 1110 1081 1139 omnes
1099 1096 1247 1140 intenti
1265 1091 1370 1138 sunt.
1388 1091 1502 1139 Illius
1529 1091 1588 1138 est
1604 1089 1848 1154 legitimum
1876 1095 2228 1154 imperium3ho-v

580 1173 677 1204 rum
696 1174 953 1222 promptum
985 1156 1209 1223 fidumque
1225 1156 1493 1221 obsequium.
1519 1156 1660 1220 Quod
1677 1172 1866 1203 amanter
1888 1156 2070 1216 iubetur,
2087 1158 2222 1209 liben..

579 1236 640 1268 ter
658 1223 891 1285 capeffitur:
913 1229 956 1268 δε
975 1227 1196 1287 Superiore
1208 1222 1565 1286 patrem‚subdito
1584 1220 1726 1269 filium
1741 1220 1962 1282 induente,
1974 1241 2061 1271 non
2081 1228 2221 1276 minor

578 1284 666 1333 laus
685 1287 744 1334 est
757 1287 1021 1351 exsequentis
1042 1287 1264 1348 mandata,
1282 1287 1416 1352 quam
1434 1287 1751 1351 praescribenti&
1765 1286 1989 1350 praesertim
2003 1326 2017 1345 ‚
2048 1291 2222 1353 quando

577 1355 659 1397 toti
675 1352 735 1400 est
753 1352 913 1400 Ordini
929 1352 1253 1418 cognitum,ipfi
1268 1356 1486 1412 omnium,
1501 1352 1655 1417 quibus
1671 1351 1820 1416 praelit,
1835 1351 2027 1411 salutem,
2042 1355 2224 1420 famam,

576 1414 756 1478 laboreS,
774 1417 929 1478 studia,
944 1418 1141 1467 vtilitates
1160 1418 1238 1465 effe
1251 1417 1492 1466 carissimas.
1520 1422 1568 1464 In
1587 1436 1676 1482 quo
1693 1421 1732 1464 C
1747 1435 1781 1465 H
1797 1434 1830 1465 R
1846 1435 1860 1465 1
1879 1436 1897 1464 s
1912 1436 1941 1465 T
1960 1437 1985 1466 v
2002 1435 2038 1465 M
2059 1423 2220 1486 Regem

577 1484 817 1545 Optimum
848 1483 1183 1548 Maximumque
1198 1484 1331 1544 refert,
1342 1488 1399 1531 ita
1417 1483 1653 1530 testantem:
1675 1490 1751 1548 Ego
1769 1488 1899 1539 veni,
1928 1498 1977 1530 ‘vt
1995 1489 2136 1533 emtam
2153 1490 2218 1535 ha·
2267 1511 2268 1529 1

576 1546 706 1606 beant,
729 1562 785 1601 (φ
802 1548 1063 1596 abundantias
1077 1549 1253 1596 habeant.
1281 1549 1452 1597 Abhoc
1479 1552 1633 1612 Capite
1666 1549 1848 1612 potestas
1865 1553 2008 1596 omnis
2039 1551 2219 1618 iurisque
2265 1561 2268 1586 ἵ

577 1611 773 1661 ἀίᾶὶοὶι]
789 1613 982 1662 Praefides
997 1615 1213 1662 inferiores
1232 1630 1517 1679 propagatur:
1538 1618 1614 1677 qui
1634 1623 1676 1661 ὃς
1696 1612 1777 1676 ipsi
1796 1612 1879 1660 fine
1892 1617 1936 1660 in
1966 1618 2218 1679 prouinciis,

577 1676 662 1724 fiue
686 1683 730 1725 in
760 1678 967 1743 Collegiis
985 1720 999 1741 ,
1024 1680 1201 1727 summo
1231 1698 1329 1727 cum
1353 1683 1539 1743 imperio
1561 1688 1603 1726 δε
1630 1679 1836 1742 potestate
1859 1679 2085 1741 versantur.
2112 1686 2218 1733 Non

576 1747 715 1791 maior
730 1760 874 1792 tamen
893 1745 952 1793 est
967 1745 1171 1809 cuiusque
1183 1745 1307 1802 ditio,
1324 1745 1456 1809 quam
1475 1743 1545 1791 ille
1561 1745 1701 1791 fecerit
1719 1769 1729 1801 3
1754 1744 1893 1808 spatiis
1906 1784 1919 1804 ,
1937 1743 1966 1790 fi
1984 1746 2095 1794 recta
2109 1753 2219 1796 ince-

576 1806 696 1869 dant,
723 1808 1042 1868 sufficientibus3
1062 1810 1123 1857 fin
1140 1809 1249 1857 secus
1262 1850 1275 1870 ,
1292 1829 1338 1856 ac
1356 1828 1427 1874 per
1445 1809 1646 1874 ambages
1658 1849 1671 1870 ,
1687 1810 1888 1874 angustis.
1915 1811 2132 1859 Generalis
2154 1814 2218 1862 so-

575 1869 656 1933 lus,
675 1874 727 1921 de
744 1874 946 1940 cuiusque
959 1875 1156 1923 facultate
1177 1875 1200 1923 a
1227 1878 1364 1938 peritis
1384 1875 1745 1922 existimatoribus
1765 1874 1943 1923 edoctus
1957 1914 1972 1934 ,
1994 1878 2218 1928 Praefecf‘tos

577 1937 761 2003 reliquos
783 1959 934 1988 omnes
951 1956 1076 2001 creat,
1094 1957 1208 1988 extra
1226 1944 1450 1988 Sociorum
1466 1940 1681 2004 suffragia3
1699 1940 1888 2004 periculo
1899 1942 2137 1991 faetionum
2154 1964 2218 1993 ex-
2260 1961 2262 1991 ὲ

574 2001 706 2064 cluso,
724 2023 828 2070 quas
845 2006 912 2056 vel
926 2010 1076 2070 gratia,
1093 2005 1157 2055 vel
1182 2010 1367 2071 partium
1388 2006 1526 2053 studia
1541 2006 1784 2069 frequenter
1802 2007 2051 2055 accendunt.
2069 2011 2218 2058 Trien-
2260 2043 2261 2046 =

572 2072 652 2115 nio
664 2086 710 2118 vt
730 2070 968 2135 plurimum
987 2088 1077 2119 tam
1095 2071 1375 2120 Prouinciales
1400 2073 1535 2137 quam
1555 2074 1758 2118 Reetores
1784 2071 1906 2119 suum
1932 2092 2087 2121 munus
2108 2094 2219 2123 exer-
2258 2106 2260 2118 ι

574 2151 694 2181 cent:
728 2141 951 2202 prorogari
977 2153 1146 2198 tamen,
1165 2154 1238 2184 aut
1255 2137 1451 2184 contrahi
1476 2138 1521 2184 id
1543 2140 1749 2201 temporis
1768 2139 1905 2200 potest
1920 2177 1933 2198 ,
1957 2140 2137 2203 quando
2164 2143 2218 2192 ad
2257 2157 2259 2181 τ

572 2203 785 2248 maiorem
803 2204 888 2249 Dei
904 2201 1088 2267 gloriam
1104 2202 1192 2250 fore
1205 2203 1385 2251 videtur.
1402 2205 1547 2267 Atque
1559 2207 1616 2250 ita
1633 2221 1843 2267 magnum
1865 2221 2217 2270 quantaecumque

572 2271 772 2327 potentiae
787 2284 1175 2332 temperamentum
1205 2268 1399 2327 additur,
1426 2268 1589 2332 semper
1613 2270 1877 2315 exauCtorari
1900 2271 2024 2332 posse.
2059 2272 2217 2320 Ambi-
2255 2324 2257 2334 Ι

572 2333 681 2377 tioni
701 2332 828 2394 porro
845 2332 985 2380 nullus
1005 2334 1158 2380 aditus:
1177 2352 1268 2381 non
1281 2333 1421 2393 domi,
1437 2352 1526 2380 non
1544 2334 1656 2381 foris.
1673 2338 1850 2397 Quippe
1864 2337 1956 2381 voti
1975 2334 2212 2398 sponfione‚
2254 2337 2258 2350 ⁴*

572 2395 672 2458 (qua
690 2396 801 2445 nihil
817 2398 1012 2458 huetius)
1027 2399 1063 2445 se
1076 2401 1174 2445 Deo
1189 2403 1372 2446 Societas
1390 2397 1572 2462 obligat,
1591 2399 1615 2447 a
1632 2402 1835 2446 contadtu
1853 2399 2073 2448 honorum
2089 2421 2136 2448 ac
2152 2404 2215 2451 di«
2252 2414 2256 2461 ,ἒ

570 2465 786 2523 ,gnitatum
812 2463 996 2523 castam,
1022 2483 1070 2511 ac
1097 2463 1196 2511 disse
1223 2463 1330 2511 labis
1346 2504 1358 2524 ,
1384 2463 1634 2511 ambitionis
1662 2468 1868 2528 inquam,
1885 2482 2093 2530 expertem
2112 2469 2210 2517 fore.
2252 2504 2254 2510 ·

571 2526 877 2589 Qmobrem
894 2547 946 2576 ne
962 2528 1150 2576 conscios
1169 2528 1346 2594 quidem
1366 2545 1494 2576 tantae
1508 2547 1631 2576 noxae
1652 2534 1811 2590 minor,
1824 2531 1956 2593 quam
1969 2549 2212 2596 compertos
2252 2562 2253 2573 κ

571 2608 700 2653 poena
725 2610 881 2640 manet.
910 2594 1114 2641 Ceterum
1132 2612 1243 2658 quot
1264 2593 1359 2641 sunt
1384 2594 1669 2642 Prouinciales
1690 2594 1905 2659 Praepofiti
1922 2615 1969 2643 ac
1992 2599 2210 2660 Reum-es,
2251 2619 2253 2623 ’

571 2672 636 2703 tot
653 2658 926 2706 administros
944 2659 1070 2708 habet
1087 2676 1215 2724 atque
1244 2659 1451 2707 adiutores
1479 2659 1694 2707 Generalis
1721 2659 1994 2724 Praepofitus;
2025 2680 2210 2726 quorum

571 2718 790 2771 laboribus
805 2743 852 2772 ac
870 2725 1016 2773 studiis
1033 2725 1087 2772 ad
1099 2744 1157 2772 res
1176 2725 1377 2789 plurimas
1407 2725 1692 2790 maximasque
1717 2726 1943 2789 gerendas,
1969 2728 2124 2792 quibus
2141 2749 2212 2777 va·
2249 2753 2250 2758 ¹

572 2804 662 2833 care
673 2787 815 2847 debet,
829 2794 888 2837 vti
901 2789 1039 2854 poffit.
1067 2789 1187 2838 Solus
1205 2794 1321 2837 enim
1338 2808 1485 2851 nemo,
1500 2809 1553 2837 ne
1577 2795 1748 2855 priuatis
1769 2792 1947 2855 quidem
1975 2793 2097 2840 rebus
2120 2813 2210 2858 per-

570 2853 769 2913 agendis,
788 2871 859 2901 aut
881 2860 1004 2902 vnius
1025 2856 1118 2904 laris
1138 2856 1374 2904 ministerio
1395 2856 1650 2917 accurando,
1666 2855 1830 2904 sufficit.
1860 2863 2036 2921 Qnta
2066 2876 2208 2909 autem

568 2915 687 2963 estin
707 2937 969 2984 vnoquoque
982 2920 1100 2981 fides,
1114 2938 1270 2986 quanta
1287 2920 1492 2970 industria
1508 2962 1521 2982 ,
1536 2938 1705 2969 tantum
1723 2926 1878 2986 cuique
1906 2928 2204 2974 committitur.

569 2984 686 3030 Cum
707 2983 770 3029 his
786 2985 950 3033 tametfi
969 2986 1185 3034 Generalis
1199 2986 1358 3033 diuidit
1370 3005 1485 3034 curas
1501 3027 1511 3046 ‚
1528 2991 1786 3052 praecipuam
1810 2987 2094 3037 nihilominus
2115 3008 2206 3038 mo-

568 3045 657 3093 lem
675 3047 760 3111 ipse
779 3049 972 3110 sustinet,
991 3071 1038 3098 ac
1055 3050 1211 3099 diutius
1230 3051 1539 3116 vigilat‚quam
1560 3053 1823 3100 excubitores
1850 3053 1874 3102 a
1905 3054 1942 3099 se
1971 3056 2202 3104 constituti.

568 3111 715 3159 Habet
740 3116 869 3177 igitur
894 3114 1101 3178 plurimos
1134 3117 1515 3164 administrationis
1537 3117 1616 3164 suae
1638 3121 1880 3181 participes;
1908 3117 1978 3165 sed
2010 3119 2203 3169 volunta-

567 3181 666 3236 rios,
686 3178 753 3226 sed
772 3178 897 3239 fidos,
915 3180 982 3227 sed
1001 3186 1174 3229 amicos.
1215 3182 1351 3246 Qod
1371 3187 1556 3229 Socrates
1575 3187 1701 3230 etiam
1718 3182 1942 3243 laudabat,
1960 3202 2053 3232 eam
2080 3189 2201 3250 Reip.

567 3244 922 3292 constitutionem
939 3244 1106 3294 felicem
1122 3247 1333 3308 iudicans,
1347 3251 1391 3294 in
1415 3247 1499 3312 qua
1512 3248 1702 3295 Prae-fetri
1724 3249 1917 3295 societate
1935 3253 2202 3314 coniungun-

566 3324 646 3355 tur.
674 3314 796 3373 Qs
808 3313 922 3357 enim
945 3310 969 3358 a
988 3311 1134 3359 tellure
1150 3314 1287 3375 fruges
1305 3316 1459 3375 exigaS,
1475 3312 1553 3360 nisi
1570 3311 1628 3359 sol
1645 3313 1785 3368 aetheri
1799 3353 1811 3373 ,
1829 3314 1956 3362 :ether
1971 3333 2088 3379 agro,
2106 3313 2201 3380 ager

565 3374 731 3436 semini,
748 3374 889 3424 semen
907 3375 1034 3438 cauli,
1051 3375 1177 3430 foliis,
1194 3375 1489 3426 floricalorem
1502 3376 1720 3427 fertilitatis
1740 3382 1977 3443 impertiat?
2057 3400 2152 3428 uem
2174 3381 2199 3430 εὶ

2019 3450 2198 3495 Societa-
2236 3462 2237 3495 1
