2321 4013
113 296 315 341 LIBER
340 293 737 338 SECVNDVS.
780 296 1137 339 SOCIETAS
1162 299 1552 344 CRESCENS.
1598 305 1708 353 209

20 397 24 427 ι
67 377 225 424 famam
240 374 300 423 -fic
331 371 497 440 p‘artam
509 371 588 422 vbi
602 373 760 422 faustus
779 374 831 422 de
847 370 1104 422 confirmata
1117 378 1323 424 Societate
1336 383 1510 426 nuntius
1528 381 1706 443 accessit,

21 488 23 494 ,
65 439 181 507 quafi
204 438 390 488 filalutis
406 439 550 487 ahenae
560 437 755 487 studium
768 443 817 487 iis
835 438 1014 489 vrbibus
1030 479 1044 500 ‚
1060 439 1176 488 vnde
1190 440 1464 503 discesserant,
1478 446 1539 491 sui
1551 446 1706 495 reditus

21 530 24 536 ·
64 504 254 555 obsidem
272 504 543 571 reliquissent,
551 502 738 569 publicis
756 509 866 554 votis
881 508 1067 552 reuocati
1080 505 1186 552 sunt.
1214 505 1376 554 Oblata
1389 512 1487 556 vitae
1510 508 1706 572 subsidia,

22 596 25 621 :
63 571 215 621 oblatae
226 588 290 619 tot
305 571 359 618 ad
385 569 755 618 commorandum
774 570 908 632 sedes,
937 587 1046 636 quot
1058 569 1294 618 incolendis
1319 571 1502 620 adultior
1528 578 1706 623 Societas

22 664 26 685 ι
63 641 133 686 vix
145 633 320 684 suffecit.
358 635 546 695 Posteri,
565 653 753 700 quorum
767 640 813 683 in
835 635 984 684 locum
1006 634 1238 684 veniebant
1254 676 1268 697 ,
1295 636 1454 685 horum
1471 636 1549 686 fibi
1573 658 1706 703 partes

23 727 26 751 ;
62 700 293 750 subeundas
312 705 390 748 rati
404 741 418 762 ‚
434 720 525 748 non
543 700 746 749 ceffarunt
756 700 1009 749 eorumdem
1024 701 1270 749 commodis
1287 702 1550 767 populorum
1561 724 1707 769 perpe..

23 761 26 816 Ῐ
62 785 136 816 tuo
153 784 307 814 conatu
322 767 532 827 inseruire,
549 775 593 815 &
605 765 801 814 relictum
817 766 897 816 fibi
920 785 1083 814 nomen
1108 785 1178 832 per
1190 785 1238 814 ea
1253 770 1496 816 conleruare
1513 771 1707 819 ministe-

23 853 27 882 ῑ
61 837 131 894 ria,
141 850 211 897 per
224 850 319 896 quae
339 832 478 879 fuerat
509 830 778 897 acquisitum.
815 835 986 881 Auc'cus
1003 851 1106 880 cum
1118 833 1261 880 frusta
1274 834 1396 881 fauor
1409 874 1421 895 ,
1437 844 1480 882 &
1492 875 1505 896 ,
1519 835 1603 899 qu&
1615 855 1708 883 ma-
1726 831 1886 909 {ffriycipes

24 920 27 945 τ
63 897 173 947 xime
190 901 669 963 creuimus‚Principum
684 896 874 946 Ecclefiae
886 897 1201 946 beneuolentia:
1218 896 1273 946 ad
1288 918 1422 963 quam
1441 917 1580 947 tantus
1594 920 1710 949 nunc
1727 880 1876 958 ζςξζὲζῗη·

24 985 28 1014 ;
61 962 337 1013 εὶΒᾶι-Ικείηἱς
355 962 553 1011 cumulus
571 962 757 1024 acceffit,
784 981 998 1028 quantum
1023 968 1088 1013 vti
1113 964 1346 1030 exspectare
1370 966 1583 1014 modestia
1618 986 1709 1016 non
1727 973 1873 1007 benenati.

24 1023 28 1075 ἶ
61 1027 231 1090 finebat,
249 1032 309 1076 ita
325 1029 418 1077 satis
444 1030 663 1094 agnoscere
679 1029 879 1094 prohibet
889 1029 1148 1094 magnitudo
1164 1067 1173 1077 .
1216 1033 1260 1077 Si
1275 1030 1381 1095 quid
1397 1031 1442 1078 id
1459 1031 1532 1091 est,
1547 1048 1594 1079 νε
1610 1032 1709 1081 illo-

25 1115 28 1143 3
61 1112 155 1143 nnn
178 1094 293 1159 apud
305 1114 384 1142 nos
407 1112 575 1143 aeternet
599 1114 759 1143 nomen
777 1135 790 1156 ,
822 1095 913 1159 ipso
935 1093 1186 1143 saeculorum
1213 1094 1384 1143 decursu
1414 1096 1707 1146 monebimur.

25 1179 29 1207 2
63 1159 396 1221 Gratitudinem,
413 1179 548 1226 quam
564 1160 809 1209 oblitterare
823 1160 940 1221 solet,
955 1160 1180 1209 renouabit
1192 1162 1391 1210 vetustas:
1408 1164 1497 1211 fato
1514 1164 1707 1228 quodam

26 1245 30 1279 5
62 1229 272 1274 Societaaeis
287 1224 415 1286 felici,
433 1243 481 1275 vt
495 1225 595 1274 cum
613 1245 661 1273 ea
690 1245 762 1291 per
779 1245 875 1291 quae
888 1225 1086 1287 subsistit,
1102 1231 1315 1276 Romanis
1336 1228 1619 1277 Pontificibus
1639 1250 1709 1277 ac-

26 1311 29 1356 j
61 1307 177 1357 cepta
185 1292 330 1341 referat
342 1295 583 1356 omnia,per
597 1311 681 1356 que
698 1308 1037 1352 ornatur,eorum
1053 1292 1282 1357 nepotibus
1299 1292 1449 1342 debeat
1462 1295 1596 1360 quam
1612 1295 1709 1360 plu-

27 1376 30 1404 :
62 1359 178 1406 rima.
219 1361 286 1406 Sic
302 1361 409 1405 inter
425 1356 554 1406 Vrbis
572 1361 787 1406 Romanae
798 1357 948 1404 decora
961 1358 1057 1404 sunt
1069 1397 1083 1418 ,
1106 1377 1202 1422 quae
1219 1359 1392 1421 Farnefij
1414 1370 1456 1409 ὃς
1485 1360 1704 1425 Lodouisij

27 1425 31 1466 i
62 1421 158 1471 dim
174 1425 337 1489 pietatis
357 1426 404 1470 in
418 1426 568 1471 Deum
584 1462 598 1483 ‚
622 1439 719 1470 tum
731 1424 813 1470 suae
831 1423 1052 1470 aduersum
1064 1441 1140 1469 nos
1157 1422 1389 1472 voluntatis
1418 1426 1710 1488 augustissima

27 1486 31 1537 ἑ
62 1506 344 1537 monumenta
356 1487 570 1555 reliquere.
598 1486 1299 1554 Boncompagni,Aldobrandini‚
1320 1490 1506 1556 Burgefij
1523 1531 1537 1552 ,
1555 1491 1710 1559 alithie

28 1581 31 1591 =
63 1551 342 1603 Pontificibus
357 1559 530 1620 agnati,
580 1553 684 1602 uam
698 1558 855 1602 meritis
875 1555 954 1602 suis
970 1594 983 1614 ‚
1015 1563 1059 1602 δε
1076 1553 1249 1602 illorum
1267 1556 1410 1603 fauore
1427 1561 1603 1621 magni,
1618 1575 1708 1608 tam

29 1635 31 1639 '
61 1624 247 1668 nominis
264 1620 400 1670 nostri
413 1620 558 1669 studio
578 1639 591 1668 1
608 1620 734 1668 fuere.
776 1619 912 1686 Qid
927 1619 979 1667 de
994 1624 1247 1668 Borromaeis
1264 1621 1424 1668 dicam?
1446 1620 1553 1670 illud
1579 1623 1709 1672 Italiae
1882 1676 1885 1679 ,

29 1703 31 1713 “
61 1684 181 1734 decus
199 1689 256 1733 D.
271 1685 486 1742 Carolus(
505 1690 574 1733 cui
591 1703 638 1734 vt
664 1684 828 1752 aliquid
845 1685 898 1733 ad
927 1687 1194 1733 sanctitatem
1212 1726 1226 1747 ,
1251 1686 1336 1751 qufi
1352 1687 1520 1735 mundo
1538 1686 1709 1738 ven'e'ra-
1725 1673 1870 1745 {iilisliiiif
1880 1684 1908 1703 ἠ

29 1766 33 1792 ἕ
62 1749 154 1800 bilis
171 1751 246 1812 est,
261 1755 441 1801 Societas
457 1750 698 1812 contulerit,
717 1749 860 1799 multo
876 1769 1022 1800 tamen
1040 1750 1132 1816 plus
1148 1751 1298 1800 debere
1312 1750 1392 1800 fibi
1411 1752 1558 1817 gloriae
1576 1753 1711 1815 ducit)

30 1832 33 1849 ³
62 1834 204 1882 praeter
217 1817 425 1866 donatam
443 1815 656 1866 Aronenfi
670 1820 896 1866 Tirocinio
914 1817 1118 1878 domum,
1136 1822 1222 1866 tria
1232 1816 1431 1866 condidit
1460 1819 1710 1887 dotauitcjue

30 1897 34 1900 ’
62 1882 255 1948 Collegia
271 1923 285 1944 ,
298 1882 544 1931 Mediolani
557 1902 697 1932 vnum
712 1923 725 1945 ‚
744 1902 817 1948 per
828 1881 1077 1931 Heluetiam
1091 1883 1180 1932 duo
1207 1904 1219 1932 ε
1253 1885 1397 1933 futura
1413 1924 1427 1946 ‚
1452 1902 1503 1933 νε,
1514 1885 1707 1950 putabat,

31 1962 35 1999 ἑ
59 1966 148 1997 non
162 1966 250 1997 tam
263 1950 345 1998 suae
359 1948 666 1998 munificentiae
680 1950 942 2010 testimonia,
956 1948 1090 2015 quam
1106 1948 1345 2015 Religionis
1359 1969 1433 2015 per
1445 1969 1509 1998 cas
1526 1970 1618 1999 oras
1637 1950 1709 2000 fir-

31 2043 35 2053 ·
62 2012 288 2065 rnamenta.
330 2019 423 2062 Pari
450 2016 544 2063 suos
576 2013 772 2080 praefidio
801 2015 954 2081 reliqui
983 2033 1056 2080 per
1081 2014 1212 2080 Alpes
1232 2019 1441 2081 Principes
1457 2021 1706 2065 muniuere:

13 2096 35 2118 ’ὲ
63 2080 188 2146 νεᾴιιε
199 2078 329 2128 Italiae
342 2080 519 2130 claustra
544 2079 838 2147 ingruentibus
855 2100 904 2129 ex
931 2085 1079 2130 vicino
1108 2079 1332 2130 haerefibus
1360 2086 1568 2148 imperuia
1598 2085 1709 2131 face-

63 2162 165 2207 rent,
177 2144 374 2211 Collegia
389 2146 612 2196 montibus
628 2147 706 2194 suis
721 2145 837 2195 velut
853 2165 960 2195 arces
978 2147 1229 2212 imposuere.
1268 2151 1436 2196 Vicinae
1449 2147 1594 2197 insulae
1617 2169 1706 2198 non
1725 2144 1891 2209 Societaffs

65 2210 199 2260 minus
214 2212 347 2262 nostri
361 2212 538 2278 cupide.
582 2211 722 2260 Sicilia
739 2211 867 2261 fimul
882 2231 929 2260 ac
953 2217 1079 2261 nouit
1091 2252 1104 2273 ,
1123 2216 1329 2278 expetiuit
1345 2250 1354 2260 .
1394 2213 1589 2262 Sardinia
1606 2214 1706 2263 cum
1722 2203 1895 2272 ZZZ-

65 2276 180 2342 aeque
192 2281 302 2326 vitiis
321 2296 450 2343 atque
465 2282 681 2327 venenatis
698 2277 840 2327 herbis
856 2279 1021 2327 scateret
1039 2318 1053 2340 ,
1071 2278 1174 2327 hinc
1188 2278 1437 2328 antidotum
1453 2284 1574 2344 petiit
1590 2317 1599 2327 .
1641 2286 1707 2329 Sic
1726 2288 1907 2334 raneimsu-

64 2341 295 2405 Corsicam,
309 2342 364 2393 fic
377 2343 580 2392 Melitam
594 2343 758 2409 ingresfi
772 2345 929 2392 sumus.
973 2348 1148 2392 Cretam
1166 2348 1296 2393 etiam
1311 2343 1411 2393 cum
1426 2350 1708 2408 Venetorum,
1724 2337 1782 2375 [Μ’

64 2407 213 2472 quibus
232 2427 457 2475 paret‚tum
475 2414 671 2459 Romani
686 2409 906 2458 Pontificis
922 2409 1143 2459 voluntate
1155 2410 1588 2471 inhabitauimus3sed
1601 2432 1710 2460 acer-

65 2470 154 2535 bus,
170 2489 300 2540 quem
317 2480 507 2524 Veneriis
523 2474 717 2537 tulimus,
733 2478 844 2523 casus
863 2475 914 2524 eo
932 2495 1109 2542 quoque
1122 2476 1305 2525 deuenit.

35 2539 37 2541 ’
146 2541 246 2589 Post
256 2540 426 2589 Italiam
445 2546 585 2607 prima
601 2561 679 2589 nos
709 2540 927 2590 Lusitania
941 2546 1126 2607 excepit.
1166 2547 1382 2590 Venerant
1411 2540 1462 2589 eo
1477 2542 1710 2590 Franciscus
1730 2552 1802 2586 &in
1813 2551 1908 2594 Laſsa

65 2603 268 2653 Xauerius
288 2616 331 2655 ὃς
351 2611 503 2655 Simon
522 2607 838 2669 Rodericius‚in
855 2607 1035 2655 alterum
1051 2607 1217 2656 Orbem
1235 2611 1321 2655 Dei
1333 2617 1559 2668 nomen,&
1574 2612 1712 2656 Socie-
1729 2609 1847 2692 252¹}le
1863 2610 1911 2631 ¹¹⁷*

65 2677 555 2736 tatem,portaturi.Dum
575 2671 802 2737 Olisipone
818 2673 1023 2721 idoneam
1037 2672 1090 2720 ad
1103 2673 1400 2738 nauigandum
1417 2674 1710 2738 tempestatem
1722 2677 1743 2694 ὁ
1844 2670 1850 2679 ’

37 2743 40 2769 ³
63 2736 360 2800 exspestant‚&
374 2739 481 2803 quid
497 2738 612 2786 Indis
631 2739 725 2787 ess'et
740 2738 1056 2803 sperandum‚in
1071 2736 1279 2787 Lusitanis
1295 2739 1464 2798 docent3
1479 2743 1537 2786 ita
1553 2740 1591 2787 se
1606 2759 1707 2804 pro-

37 2806 41 2813 '
63 2796 214 2850 barunt
225 2843 240 2864 ,
252 2821 300 2853 νε
344 2804 468 2853 uibus
482 2823 657 2868 operam
672 2804 725 2851 ad
739 2822 906 2870 tempus
923 2803 1268 2853 commodabant
1285 2846 1297 2865 ‚
1315 2804 1377 2854 illi
1391 2809 1612 2870 propriam
1627 2803 1706 2854 fibi

38 2878 41 2889 '
63 2862 150 2915 fieri
161 2886 208 2915 ac
220 2868 328 2918 stabi
347 2888 415 2918 em
445 2868 600 2919 vellent
615 2908 624 2916 .
665 2874 841 2935 Rogant
855 2875 1047 2935 Regem(
1075 2887 1159 2918 erat
1175 2875 1207 2918 is
1226 2875 1403 2920 Ioannes
1421 2874 1562 2918 tertius
1575 2911 1589 2932 ‚
1647 2891 1707 2920 uo

39 2939 41 2941 '
63 2946 190 2981 nemo
216 2935 453 2984 nascentem
475 2936 593 2984 hunc
623 2935 836 2988 Ordinem
860 2935 927 2984 vel
952 2935 1175 3001 benignius
1199 2941 1384 3003 excepit,
1413 2935 1481 2986 vel
1494 2937 1605 2984 fouit
1616 2890 1706 2985 llu-

39 3025 42 3029 ·
63 2994 215 3047 diofius
230 3009 242 3058 )
259 3002 430 3049 suorum
444 3021 535 3049 non
552 3005 782 3063 minorem,
796 3001 930 3067 quam
945 2999 1230 3051 barbarorum
1248 3022 1394 3051 curam
1409 3002 1562 3051 habeat
1580 3021 1590 3047 :
1609 3021 1707 3049 om-

63 3065 108 3109 ni
120 3063 261 3112 studio
277 3067 589 3132 conquirendos
605 3066 702 3114 tales
718 3071 828 3117 viros
846 3094 857 3127 3
875 3086 966 3115 non
981 3067 1033 3115 de
1059 3067 1258 3116 manibus
1278 3109 1291 3129 ,
1321 3070 1420 3116 cum
1437 3068 1704 3127 haberentur,

40 3132 43 3157 ⁷
65 3130 315 3179 amittendos
333 3153 344 3179 :
371 3133 503 3182 Indiis
521 3142 565 3182 δε
579 3132 664 3181 fine
678 3133 842 3181 damno
869 3143 912 3182 δε
927 3132 1077 3198 largius
1095 3135 1367 3199 prospechim
1384 3138 1457 3195 iri,
1473 3132 1502 3180 fi
1518 3132 1705 3198 pluribus

40 3198 44 3224 ³
63 3195 197 3256 (quod
213 3200 376 3245 virtutis
390 3198 587 3264 exemplo
603 3199 755 3246 faituri
770 3209 896 3259 erant)
912 3197 992 3247 fibi
1006 3203 1253 3265 aggregatis,
1268 3200 1507 3247 numerosas
1522 3197 1573 3244 eo
1588 3196 1705 3245 colo-

41 3266 45 3289 ³
63 3261 150 3305 nias
164 3278 235 3309 aut
251 3267 466 3312 mitterent
482 3304 496 3325 ,
525 3282 611 3324 aut,
627 3262 658 3313 fi
673 3264 884 3313 videretur
901 3305 914 3326 ‚
942 3262 1019 3329 ipfi
1035 3265 1189 3312 deinde
1204 3265 1403 3313 ducerent
1419 3302 1428 3310 .
1456 3261 1600 3328 Qasi
1617 3267 1705 3310 iam

42 3349 46 3395 j
63 3337 157 3371 tum
171 3325 299 3375 multi
313 3329 452 3390 essent,
471 3330 610 3378 diuidi
624 3329 783 3395 placuit
798 3367 807 3376 .
847 3334 999 3378 Simon
1015 3349 1228 3378 remanere
1240 3331 1367 3378 iussus
1382 3369 1396 3390 ‚
1422 3332 1630 3375 Xauerius
1660 3331 1705 3373 in

42 3397 45 3400 '
65 3388 202 3438 Indias
216 3411 379 3458 pergere
393 3435 407 3456 ‚
436 3413 545 3445 vnus
563 3413 629 3445 tot
646 3394 892 3462 regionibus
907 3414 995 3462 par.
1033 3396 1124 3445 Hic
1138 3395 1345 3443 Vltimum
1363 3396 1424 3443 sui
1443 3410 1705 3442 monumen-

42 3454 46 3480 ι
1121 3464 1166 3507 D
1181 3459 1210 3506 d
1612 3474 1707 3504 tum
