2326 4080
244 285 793 332 PROLEGOMENA
836 284 918 324 DE
958 282 1167 323 ANNO
1207 282 1589 324 SAECVLARI.
1682 285 1750 324 21

179 367 197 412 Ι
214 381 346 423 nunc,
364 370 408 408 δε
426 359 662 407 Lutherum
677 376 802 406 tuum
823 375 1042 421 compara,
1055 354 1243 420 quisquis
1262 374 1326 414 es,
1349 365 1392 402 &
1411 356 1623 405 iubilandi
1642 360 1758 407 caus-

112 432 168 480 sas
184 429 334 477 habere
350 445 389 475 te
403 426 536 473 crede.
554 428 663 472 Non
688 425 777 471 liaec
795 439 1013 488 peragrata
1027 421 1268 479 dumtaxat,
1282 421 1350 467 sed
1364 420 1621 470 Christianis
1639 424 1756 472 sacris

111 495 272 545 exculta
296 493 391 541 sunt
419 495 594 555 Regna:
625 508 704 537 nec
735 488 899 537 exculta
924 485 1103 543 curfim3
1132 486 1201 532 sed
1227 486 1417 550 plurima
1447 485 1536 532 fixis
1566 486 1754 550 sedibus,

111 560 248 609 multa
272 563 401 606 etiam
431 560 597 620 integra
613 559 653 602 C
671 573 704 603 H
724 572 754 603 R
771 572 786 602 1
804 573 822 602 s
836 573 865 602 T
878 572 908 600 ο
927 553 1146 600 adiuncta.
1177 556 1317 599 Vnius
1340 553 1515 613 Xauerij
1551 551 1758 602 industria

111 628 406 674 haereticorum
424 626 629 669 omnium
655 620 882 668 conatibus
899 618 1231 683 opponipotest.
1253 616 1347 681 plus
1373 621 1517 665 virum
1537 615 1653 664 hunc
1679 638 1759 682 pto

110 690 356 739 Christiana
372 686 589 752 republica
606 687 730 750 egisse
742 725 754 745 ,
776 685 910 750 quam
926 684 1102 732 Lutlieri
1115 683 1282 731 ass'eclas
1305 701 1474 742 omnes,
1490 685 1646 729 Bozius
1666 685 1761 731 scri-

111 755 203 823 psit.
224 755 296 802 Ille
314 758 442 819 igitur
458 757 676 800 maiorum
696 752 946 798 nostrorum
963 750 1170 797 haetenus
1193 767 1374 813 campus
1392 749 1474 795 fuit
1487 787 1501 807 ,
1514 748 1648 797 Orbis
1665 754 1761 799 vni-

111 821 261 871 uersus.
275 820 346 868 hic
361 818 484 865 fluxit
500 818 697 883 quotidie
711 816 854 877 sudor,
878 815 1098 881 saepissime
1119 815 1303 881 sanguis.
1718 824 1721 829 “

176 888 258 934 Hae
286 883 502 933 iubilandi
523 882 650 931 nobis
678 881 823 931 causs'ae
840 882 950 929 sunt.
975 882 1065 928 haec
1090 881 1303 928 Saecularis
1335 882 1439 926 anni
1458 878 1653 943 trophaea
1678 883 1760 936 tuis
1786 890 1968 939 Nobargi.

110 953 299 1000 detracta
323 949 493 1010 affeclis,
519 965 661 1013 erepta
678 949 821 996 inferis
839 973 849 1006 ;
868 965 963 1011 quae
980 946 1078 1007 tibi,
1095 947 1297 1006 Lutliere,
1311 945 1474 1009 tuoque
1495 951 1761 1009 opponimus
1783 951 1839 1022 mgr,
1851 946 1956 1022 Ῑὲυἷῗῖἷ

109 1016 256 1066 Iubilo
274 1015 406 1063 ferali.
424 1018 473 1062 In
487 1032 527 1062 te
543 1018 652 1061 Diui
676 1029 828 1061 omnes
844 1013 1127 1078 hominesque
1141 1030 1256 1060 erant
1270 1010 1478 1058 incitandi
1498 1030 1508 1056 :
1532 1028 1579 1057 tu
1594 1011 1760 1075 probris
1785 1001 1906 1082 'czuffln
1934 1002 1946 1021 ⁵

112 1081 434 1147 maledictisque
449 1080 682 1138 vexandus,
698 1097 743 1127 tu
758 1080 779 1126 ὲ
795 1079 1008 1126 memori-3
1026 1079 1282 1142 posteritatis
1312 1076 1530 1124 tollendus
1557 1082 1761 1125 omnino.
1899 1080 1904 1083 ⁴

110 1151 209 1197 Deo
223 1145 478 1206 immortali,
494 1149 535 1193 C
551 1163 584 1193 H
601 1162 632 1193 R
649 1165 661 1190 1
679 1163 697 1191 s
715 1163 745 1193 T
761 1162 792 1191 o
817 1145 943 1205 duci,
962 1147 1133 1192 vieffirici
1160 1139 1352 1191 Ecclesiae
1367 1183 1379 1203 ,
1401 1142 1494 1189 ludi
1520 1160 1640 1190 erant
1659 1162 1764 1191 con-

110 1212 311 1271 secrandi,
331 1211 608 1276 dicendaeq'ue
624 1210 943 1275 gratulationes,
962 1210 1014 1257 de
1038 1209 1243 1258 reseruato
1269 1213 1314 1256 in
1334 1210 1423 1256 haec
1443 1226 1638 1272 tempora
1660 1228 1765 1257 con-

112 1278 301 1344 ceffocjue
317 1279 523 1325 diuinitus
541 1280 712 1341 Ignatio
726 1317 739 1336 ,
754 1274 807 1323 de
826 1274 1053 1323 fortissima
1081 1275 1194 1324 illius
1217 1275 1417 1333 cohorte,
1438 1290 1537 1338 quae
1562 1291 1656 1321 toto
1674 1279 1765 1324 iam

111 1343 262 1394 saeculo
285 1346 465 1402 inuicta,
479 1342 788 1407 sempiternum
802 1335 884 1389 sibi
900 1341 1066 1390 bellum
1084 1361 1184 1390 cum
1201 1341 1274 1389 tufi
1299 1343 1522 1406 impietate
1539 1338 1767 1405 profitetur

111 1411 190 1459 elle
209 1408 458 1475 susceptum.

361 1542 1022 1597 DISSERTATIO
1081 1543 1112 1595 S
1141 1541 1436 1594 EPTIM
1465 1544 1531 1594 A.

133 1696 136 1699 -
198 1652 285 1711 De
305 1648 576 1711 Librorum
585 1649 723 1730 stne,
739 1643 1192 1737 argument0‚styl03
1212 1649 1383 1732 Operis
1401 1655 1687 1707 warietate.

247 1796 432 1863 Xpofita
447 1801 616 1864 origine
629 1795 842 1863 caulisque
855 1797 1009 1846 Iubilei
1025 1796 1239 1846 Saecularis
1259 1837 1271 1857 ,
1286 1801 1500 1864 quoniam
1524 1798 1577 1846 de
1600 1797 1771 1846 institu-
1795 1803 1899 1837 Series
1916 1804 1976 1837 Li·

247 1881 293 1912 to
315 1869 467 1928 Operis
490 1864 672 1930 superius
705 1869 872 1929 egimus
889 1903 901 1924 ,
916 1863 1099 1928 superest
1122 1864 1175 1911 de
1196 1863 1406 1912 librorum
1434 1864 1531 1912 serie
1548 1882 1682 1928 pauca
1705 1864 1772 1912 di-
1793 1851 1931 1887 brorum.

117 1949 277 1977 camus.
299 1935 376 1977 Sex
393 1935 434 1977 in
454 1948 588 1994 partes
606 1930 833 1978 distributa
860 1929 956 1977 sunt
987 1934 1168 1977 omnia:
1190 1938 1250 1990 δε,
1272 1934 1486 1994 quoniam
1518 1933 1771 1993 Imaginem

117 1999 247 2059 primi
263 1995 399 2043 saeculi
419 1996 597 2056 damus,
625 1995 811 2043 totidem
834 2012 907 2042 aut
928 1994 1167 2060 spectacula
1199 2013 1271 2042 aut
1294 1995 1386 2043 ludi
1405 1999 1550 2044 vocari
1576 1990 1770 2059 possent,

118 2060 278 2124 quibus
306 2062 543 2109 identidem
567 2062 637 2109 sua
666 2059 837 2108 missilia
857 2060 1176 2126 subiunguntur
1196 2064 1407 2109 Romano
1437 2078 1571 2108 more.
1600 2059 1770 2111 Vltima

119 2126 300 2191 Belgicae
322 2127 475 2174 nostrae
504 2131 672 2192 propria
692 2126 777 2188 est,
795 2145 844 2173 ae
877 2125 1099 2193 singularis
1118 2146 1127 2173 :
1151 2131 1348 2191 quinque
1371 2124 1544 2191 reliquae
1569 2130 1773 2175 vniuersae

118 2196 318 2240 Societati
332 2211 600 2240 communes.
613 2209 756 2240 earum
773 2197 881 2239 inter
901 2192 937 2240 se
953 2193 1063 2240 ordo
1082 2211 1160 2240 nec
1172 2193 1366 2253 fortuito,
1382 2211 1459 2239 nec
1471 2192 1565 2239 casu
1581 2196 1639 2240 ita
1651 2193 1773 2258 dige-

120 2257 230 2316 stus3
259 2258 328 2305 sed
346 2274 392 2306 vt
415 2263 599 2306 Societas
623 2262 860 2323 (quoniam
880 2259 934 2306 ad
953 2262 1181 2306 Seruatoris
1210 2262 1301 2306 IEs
1321 2277 1348 2307 v
1381 2257 1560 2321 gloriam
1587 2276 1687 2306 nata
1711 2258 1774 2307 est

119 2339 248 2388 atque
266 2324 456 2371 adoleuit
471 2324 873 2389 >quemadmodum
890 2329 1032 2371 ceteris
1062 2329 1109 2371 in
1126 2323 1250 2371 rebus
1264 2365 1278 2385 ,
1295 2329 1353 2372 ita
1383 2332 1427 2371 δεῖ
1448 2327 1494 2370 in
1524 2324 1609 2372 hoc
1628 2329 1774 2389 Opere

119 2392 255 2435 aetatis
273 2388 328 2437 ab
344 2408 397 2436 eo
410 2394 516 2437 inter
534 2389 732 2437 mortales
750 2393 905 2437 exaciae
921 2390 969 2437 fit
986 2395 1149 2456 imago.

189 2457 369 2502 Initium
385 2459 536 2520 Operis
555 2459 772 2503 Societatis
791 2455 1055 2503 incunabula
1067 2460 1284 2504 continet:
1310 2458 1456 2501 tenuia
1476 2453 1658 2519 quidem
1681 2453 1771 2516 illa,
1800 2468 1937 2516 eArgass

120 2516 190 2566 sed
203 2519 255 2566 eo
272 2525 408 2584 magis
423 2523 606 2568 Auctori
619 2521 696 2568 suo
713 2520 881 2568 similia.
897 2526 1020 2587 Qis
1035 2522 1241 2580 credat,in
1256 2522 1395 2585 specii,
1411 2519 1598 2567 latibulo
1616 2520 1773 2583 boum,
1797 2529 1940 2598 {⁶12²th
1955 2569 1960 2575 .

122 2589 266 2632 aeterni
288 2589 418 2633 Patris
445 2586 637 2634 inchoari
659 2586 836 2634 consilia
854 2598 866 2633 ?
881 2593 975 2652 quis
989 2589 1014 2635 a
1029 2591 1210 2653 Virgine
1229 2591 1376 2633 Deum
1390 2621 1404 2642 ,
1424 2589 1521 2651 quis
1554 2584 1579 2634 a
1605 2586 1775 2634 Bethle-
1798 2578 1891 2649 mssf'
1908 2577 1977 2614 pn-

121 2648 223 2697 hem
248 2656 365 2698 tenui
391 2656 489 2699 vico
507 2656 771 2700 Seruatorem
807 2653 921 2700 orbis
948 2653 1183 2718 exspectet?
1206 2655 1318 2718 Age,
1332 2656 1427 2716 quis
1450 2651 1475 2699 a
1494 2651 1633 2699 milite
1660 2653 1775 2714 rudi,

122 2719 218 2778 quis
233 2713 257 2764 a
274 2716 495 2764 vulnerato
520 2721 640 2765 vieto
657 2717 726 2765 'ue
746 2719 1010 2782 pertimescat
1037 2724 1265 2767 exercitum
1282 2728 1294 2763 ?
1324 2722 1492 2764 Primus
1505 2717 1630 2765 illum
1645 2718 1777 2768 Liber

122 2780 287 2842 educet,
300 2782 463 2846 auspice
483 2785 541 2830 1ss
558 2801 576 2830 s
594 2802 622 2831 v
644 2737 873 2832 {lortiffimo
890 2785 1015 2845 duce,
1030 2785 1254 2833 cohortem
1273 2783 1498 2847 adlegente
1522 2785 1579 2830 M
1593 2800 1625 2830 Α
1641 2801 1674 2833 R
1689 2801 1704 2832 1
1722 2803 1769 2834 A.

123 2848 312 2894 Strictim
334 2864 478 2895 tamen
501 2853 669 2908 omnia,
686 2866 734 2898 vt
757 2868 938 2915 quaeque
966 2851 1179 2898 memori-3
1201 2849 1392 2897 maxime
1410 2850 1542 2914 digna
1559 2849 1775 2899 videntur.

122 2926 171 2958 Vt
192 2929 245 2958 ne
260 2916 407 2960 ac‘tum
428 2932 549 2979 agere
566 2920 577 2969 (
592 2914 688 2962 sunt
713 2920 830 2962 enim
849 2915 939 2963 haec
962 2917 1206 2965 Annalium
1227 2916 1473 2963 nostrorum
1492 2915 1664 2979 prodita
1680 2936 1777 2964 mo·

125 2983 339 3025 numentis
355 2988 365 3037 )
380 2979 448 3026 sed
466 2998 602 3028 vnum
619 2980 696 3027 sub
714 2980 966 3045 adspectum
988 2984 1133 3047 (quod
1151 2985 1279 3030 initio
1299 2984 1576 3038 monuimus)
1593 2984 1779 3030 Societa-

126 3043 178 3086 tis
196 3044 397 3091 vniuersae
416 3061 507 3092 tam
526 3049 741 3111 egregiam
761 3047 923 3094 molem
940 3088 953 3107 ,
967 3047 1085 3096 breui
1101 3048 1220 3113 quafi
1246 3053 1291 3094 in
1310 3046 1460 3095 tabula
1481 3049 1648 3111 pictam
1662 3086 1675 3107 ,
1703 3064 1778 3096 aut

128 3105 242 3154 velut
270 3113 312 3155 in
341 3109 508 3158 theatro
533 3110 825 3176 spectaculum
845 3113 1007 3160 factam
1033 3115 1222 3176 mundO,
1236 3112 1415 3178 Angelis
1435 3121 1479 3161 &
1501 3112 1775 3172 hominibus,

127 3170 320 3220 'exhibere
334 3175 568 3223 videamur.

192 3237 342 3285 Altero
365 3241 518 3289 deinde
533 3242 665 3290 Libro
677 3246 846 3290 auctior
864 3243 936 3292 illa
953 3243 1219 3310 crescensc'lue
1243 3243 1516 3303 describitur,
1540 3261 1633 3290 non
1651 3242 1779 3291 Vrbis
1802 3246 1897 3283 Libri
1908 3248 1970 3293 st·-

130 3303 366 3363 moenibus,
387 3324 476 3353 non
496 3307 627 3354 Italiae
650 3313 832 3356 coercita
849 3308 1025 3368 finibus3
1048 3309 1118 3357 sed
1145 3310 1296 3374 egreffa
1313 3310 1421 3358 vltra
1439 3313 1606 3357 Oceani
1620 3309 1779 3369 littora,
1801 3296 1917 3345 cunda*

130 3368 297 3439 emensa
309 3369 582 3437 Hispaniam,
599 3391 826 3441 peruagata
846 3375 1130 3437 Lusitaniam,
1145 3378 1190 3423 in
1210 3374 1389 3436 Gallias,
1412 3374 1782 3441 Germaniamq'ue

1299 3444 1397 3501 C3
1735 3448 1782 3489 &
