2321 4013
558 311 660 357 822
782 312 1024 356 IMAGO
1069 306 1268 351 PRIMI
1310 303 1570 347 SAECVLI
1611 298 1946 343 SOC.1ESV.

552 388 705 437 talem.
746 388 879 454 Qid
893 391 1008 433 enim
1026 385 1179 430 tristius
1209 387 1220 435 (
1251 390 1294 428 &
1309 396 1452 427 tamen
1480 376 1586 442 quid
1603 393 1789 441 pronum
1812 381 1966 443 magis?
1984 388 1995 436 )
2012 379 2145 442 quam
2170 376 2202 430 fi

552 456 781 502 miletrima
795 455 864 499 illa
878 450 1014 506 turba,
1032 466 1110 510 pro
1126 447 1299 492 suorum
1317 445 1515 493 laborum
1533 482 1546 502 ,
1561 444 1841 502 milesiarum,
1858 440 2086 490 vulnerum
2099 464 2202 509 prae-

552 512 661 578 mio,
677 518 783 565 nihil
815 516 956 561 referat
975 526 1118 575 praeter
1141 515 1361 573 geminam
1387 524 1572 555 mortem
1587 547 1600 568 ‚
1621 525 1850 572 corporum
1870 517 1914 555 ὃς
1931 512 2199 559 animorum?

552 583 623 629 Ad
638 584 727 628 haec
740 586 888 638 ingens
905 576 1063 623 accedit
1077 578 1324 638 pugnaturis
1340 578 1508 620 animus
1528 591 1576 618 ex
1595 573 1810 636 praeientia
1823 573 2071 631 Sacerdoti53
2087 577 2203 639 post-

546 636 629 711 que
653 632 849 692 iceleriim
873 644 1161 704 expiationem
1178 676 1191 698 ‚
1208 638 1462 686 conscientia
1486 638 1558 685 lua
1572 637 1663 702 plus
1681 638 1815 701 quam
1830 637 1980 701 triplici
2004 658 2080 686 atre
2096 646 2201 691 circa

547 713 691 773 pestus
708 711 872 766 armati,
889 704 998 752 nihil
1012 718 1102 752 non
1116 703 1289 764 audent,
1309 703 1431 751 tanto
1444 707 1533 749 iam
1549 701 1663 750 hosti
1676 702 2050 763 formidabiliores,
2062 725 2199 770 quan-
2250 718 2252 721 ’

548 774 593 820 to
608 778 746 820 maior
764 772 823 818 est
850 770 1007 817 fiducia
1021 769 1127 818 bene
1146 769 1373 816 moriendi.
1417 768 1497 816 Sed
1509 772 1627 815 enim
1642 768 1790 832 qudid
1813 768 2068 817 fructuosius
2086 810 2099 831 ‚
2116 773 2200 820 hoc

546 835 873 901 &periculosius
889 834 913 882 a
927 835 1053 883 nobis
1071 838 1158 899 geri
1173 852 1307 881 nemo
1324 853 1414 882 non
1429 833 1545 882 videt
1570 868 1580 879 ,
1631 832 1793 881 Nullus
1822 832 1894 881 hic
1909 835 2066 883 timido
2083 839 2200 886 locus

541 892 602 950 est
619 919 691 949 aut
709 907 869 967 ignauo
885 921 894 946 ε
911 898 1100 947 latiffimi
1118 902 1297 962 petitoris
1313 904 1424 948 viros
1445 908 1490 946 δε
1505 903 1602 947 vitae
1620 900 1700 946 sua:
1715 897 1918 964 prodigos
1936 899 2020 946 hoc
2032 917 2198 968 tempus

543 965 729 1033 postulat
742 1004 756 1029 ,
786 971 860 1032 qui
887 984 976 1013 non
995 962 1131 1012 modo
1156 962 1235 1026 ipfi
1249 963 1474 1029 conspecta
1493 980 1631 1011 morte
1648 983 1739 1019 non
1753 982 1938 1029 paueant
1952 1003 1966 1024 ,
1977 965 2048 1025 sed
2064 986 2200 1033 neque

543 1025 648 1080 alios
665 1051 810 1097 pauere
825 1035 1048 1098 patiantur.
1103 1027 1229 1077 Tales
1246 1029 1339 1077 lane
1356 1029 1497 1077 adhuc
1514 1029 1590 1076 sese
1603 1030 1735 1077 nostri
1750 1029 1994 1095 probauere‚
2011 1051 2198 1096 quotum

542 1097 744 1145 nonnulli
774 1108 816 1146 &
844 1099 1045 1159 sanguine
1063 1092 1345 1158 obsignarunt
1359 1099 1562 1144 virtutem
1587 1096 1707 1142 suam
1724 1132 1733 1141 .
1774 1095 1919 1143 Fidem
1936 1097 2062 1145 faciat
2074 1104 2198 1150 vnica

545 1163 774 1228 expeditio,
797 1162 979 1225 sust-epta
996 1162 1088 1225 ipso
1102 1160 1184 1207 fere
1200 1159 1417 1208 Miffionis
1450 1160 1624 1208 exordio
1638 1179 1752 1208 anno
1785 1179 1837 1209 Μ.
1855 1178 1939 1209 DC.
1956 1180 2100 1212 XXIV.
2126 1164 2198 1214 fit-

350 1241 471 1287 Inffiqne
542 1228 624 1294 que
642 1232 787 1292 imago
800 1242 1040 1274 ceterarum.
1086 1225 1278 1273 Didacus
1294 1226 1538 1274 Ludouicus
1554 1226 1605 1273 de
1621 1225 1799 1275 Oli-uersi
1812 1261 1825 1287 ,
1844 1228 1951 1275 iussu
1971 1231 2123 1294 Regio,
2138 1233 2196 1278 se,

343 1291 486 1338 Pm‘mm
542 1310 658 1358 ptem
675 1296 853 1339 nauium
873 1290 1039 1339 class'em
1057 1292 1287 1339 Dunkerca
1304 1291 1498 1340 trahebat
1511 1296 1555 1339 in
1573 1293 1846 1357 Hispaniam,
1861 1291 2057 1341 vehendo
2067 1297 2195 1347 militi

346 1338 471 1373 '’anal“
540 1358 593 1405 ad
611 1356 943 1420 recuperandam
958 1356 1217 1405 Brasilorum
1232 1362 1398 1422 Bayam
1412 1361 1584 1405 Bata-uis
1599 1375 1866 1423 occupatam.
1883 1363 2011 1406 Hanc
2028 1360 2193 1413 classem

539 1422 677 1470 adhuc
693 1423 876 1470 stantem
890 1426 934 1469 in
951 1423 1209 1471 Mardicano
1224 1420 1606 1489 portu5ventosque
1629 1440 1888 1487 captantem,
1905 1423 2064 1472 bellicae
2081 1428 2194 1476 Hol-

537 1487 763 1536 landorum
790 1487 1021 1536 clauserant
1035 1489 1098 1536 sex
1113 1508 1159 1535 ac
1176 1488 1321 1536 decem
1336 1526 1346 1534 .
1387 1488 1580 1536 Afflante
1606 1488 1781 1536 tandem
1808 1491 2048 1554 exspectato
2065 1495 2190 1555 Euro,

535 1553 611 1602 {ub
629 1554 781 1602 horam
791 1557 931 1602 nostis
949 1554 1165 1602 decimam
1190 1552 1381 1614 soluitur,
1398 1556 1466 1618 spe
1482 1553 1613 1601 hostis
1632 1572 1704 1619 per
1719 1553 1908 1603 tenebras
1925 1554 2112 1604 fallendi.
2131 1563 2191 1607 At

533 1620 649 1683 spem
657 1618 821 1667 bonam
836 1618 994 1668 finister
1005 1619 1151 1667 fefellit
1163 1623 1479 1668 euentusNam
1493 1624 1671 1667 nauium
1683 1639 1766 1668 vna
1777 1620 1892 1668 vado
1906 1620 2190 1687 adherescens,

531 1685 638 1733 dum
654 1685 843 1749 expedire
856 1686 894 1734 st:
909 1685 1056 1746 tentat,
1070 1684 1239 1751 prolato
1253 1685 1417 1732 lumine
1434 1685 1604 1734 hostem
1622 1685 1865 1745 admonuit3
1877 1691 1954 1752 qui
1965 1707 2191 1754 inOX,prae-

532 1743 620 1798 cifis
649 1751 900 1800 anchoranis
931 1752 1105 1800 funibus
1121 1792 1136 1813 ,
1152 1756 1197 1799 in
1217 1751 1377 1800 nostras
1399 1749 1607 1799 ferebatur
1623 1792 1637 1813 ‚
1665 1770 1818 1816 parum
1843 1756 2061 1801 nociturus
2087 1774 2192 1804 con-

532 1817 667 1864 stante
684 1834 815 1867 vento
843 1821 920 1882 qui
951 1816 1044 1866 vela
1060 1818 1329 1866 vehementer
1355 1816 1581 1882 impulerat
1597 1855 1606 1864 .
1648 1817 1728 1865 Sed
1745 1817 1816 1865 hic
1831 1817 2021 1883 primum
2047 1838 2095 1867 ex
2110 1828 2205 1870 acri·
2273 1816 2275 1836 ³

530 1881 744 1946 placidus,
778 1902 884 1930 mox
908 1887 1039 1931 etiam
1055 1882 1104 1931 fit
1119 1882 1288 1941 nullus;
1316 1882 1370 1930 ab
1394 1883 1516 1932 hoste
1531 1886 1800 1932 coniuratum
1814 1923 1829 1944 ,
1842 1881 2054 1950 nobisque
2065 1887 2190 1951 perfi-

529 1947 636 1995 dum
654 1947 818 1995 diceres.
858 1953 970 2013 Ergo
985 1948 1060 1997 vbi
1076 1966 1390 1996 tormentorum
1409 1950 1502 1997 vius
1527 1949 1604 1997 esse
1622 1953 1754 2014 coepit
1767 1985 1781 2010 ,
1797 1948 2009 1997 horrendo
2027 1970 2190 2015 perno-

532 2016 647 2060 <stem
665 2018 829 2061 tonitru
854 2020 1041 2062 resonare
1055 2018 1201 2075 maria,
1218 2024 1261 2062 &
1278 2012 1534 2062 fulminibus
1550 2016 1771 2063 coruscare.
1810 2014 1989 2081 Iamque
1997 2034 2189 2081 pugnan-

531 2078 591 2126 do
602 2083 723 2128 noeti
741 2084 962 2129 iunxerant
976 2080 1091 2128 diem
1103 2121 1116 2141 ‚
1150 2090 1194 2128 &
1219 2084 1291 2130 vix
1306 2078 1396 2129 vllo
1413 2097 1538 2127 motu
1555 2085 1728 2146 nauigia
1743 2079 1948 2128 natabant
1966 2103 1976 2129 ε
1995 2082 2098 2130 hinc
2109 2103 2189 2148 pu-

529 2162 616 2209 gna
644 2143 868 2206 crudelior,
885 2146 953 2195 sed
979 2151 1133 2211 impari
1147 2147 1287 2193 Marte
1300 2185 1313 2206 ,
1336 2145 1436 2193 cum
1452 2142 1554 2193 hinc
1570 2145 1749 2193 sedecim
1763 2185 1778 2206 ,
1805 2146 1904 2194 inde
1920 2165 2045 2194 naues
2060 2153 2187 2213 quin-

528 2229 613 2275 que
627 2229 878 2276 pugnarent.
931 2217 1133 2260 Praetoria
1149 2213 1291 2260 nostra
1307 2216 1395 2258 iam
1407 2210 1629 2259 laborabat
1643 2238 1654 2270 3
1667 2231 1801 2276 quam
1820 2213 1995 2260 luorum
2011 2212 2185 2263 obieeta

528 2274 706 2324 laterum
734 2278 960 2326 defendens
985 2276 1110 2326 altera
1132 2281 1353 2326 tormentis
1370 2276 1596 2325 hostilibus
1613 2278 1727 2325 foed&
1744 2275 1970 2325 laceratur:
1991 2279 2185 2329 sustinuit

528 2357 672 2390 tamen
698 2347 914 2409 impetum
929 2344 1023 2392 sane
1051 2344 1153 2405 diu,
1169 2362 1246 2390 nec
1263 2342 1397 2390 inulta
1414 2383 1428 2403 ,
1454 2342 1592 2391 donec
1605 2361 1675 2408 per
1700 2343 1829 2391 lacera
1856 2343 2047 2408 vndique
2062 2343 2184 2395 latera

526 2420 671 2456 totum
699 2408 837 2458 hausit
855 2415 1096 2458 Oceanum.
1138 2412 1388 2474 Antequam
1412 2426 1694 2474 mergeretur,
1722 2408 1901 2456 aducesta
1917 2410 1976 2458 est
1989 2408 2184 2475 Subprae-

526 2478 636 2529 toria
649 2512 663 2532 ‚
682 2479 747 2522 cui
765 2495 927 2524 nomen
944 2493 1027 2523 erat
1046 2479 1218 2540 Ignatio
1235 2515 1248 2536 ,
1274 2491 1491 2539 exceptura
1518 2474 1670 2522 scilicet
1695 2473 1851 2539 quibus
1869 2479 2038 2523 animus
2055 2478 2182 2524 vires-

527 2535 611 2602 que
632 2540 683 2587 ad
699 2540 1023 2589 transiliendum
1050 2557 1164 2588 erant
1182 2578 1191 2587 .
1228 2539 1403 2604 plurimi
1424 2538 1550 2587 semel
1578 2539 1817 2605 iterumque
1843 2539 2183 2605 adnauigantem

525 2602 632 2651 {altu
650 2622 830 2654 tenuere.
860 2605 1155 2673 Qaerebatur
1169 2606 1222 2654 ad
1236 2605 1410 2654 {alutem
1422 2605 1619 2653 Sacerdos
1637 2606 1792 2666 noster,
1807 2623 1937 2671 quem
1955 2606 2069 2670 apud
2085 2607 2182 2656 vul-

523 2684 685 2718 neratos
710 2676 908 2735 ignarum
936 2672 1107 2736 periculi
1137 2670 1414 2736 securumque
1439 2675 1646 2735 reperiunt
1672 2711 1687 2731 ,
1721 2671 1974 2737 magnisque
2002 2672 2181 2721 vocibus

524 2733 694 2796 prodire
708 2739 974 2802 quantocyus
990 2734 1158 2798 iubent,
1172 2757 1219 2784 ac
1234 2734 1614 2801 deserere‚quomm
1629 2733 1877 2801 corporibus
1891 2741 1978 2784 iam
1997 2737 2180 2802 prodesse

522 2815 718 2864 nequeat,
739 2806 892 2850 animis
912 2802 1190 2850 consuluisset.
1223 2802 1369 2850 Prodit
1387 2803 1504 2849 senex
1522 2801 1741 2866 spectabili
1756 2806 1922 2863 canitie,
1939 2803 2179 2853 sauciorum

522 2863 628 2912 tabo
642 2867 802 2915 vestem
821 2877 864 2916 ὃς
882 2887 954 2915 ora
979 2869 1161 2916 foedatus
1179 2909 1192 2928 ,
1215 2871 1432 2916 nocturno
1455 2867 1696 2933 diurnoque
1710 2868 1866 2915 fractus
1885 2867 2030 2916 labore
2046 2894 2056 2927 3
2071 2873 2179 2918 iam-

521 2927 606 2992 que
619 2934 662 2976 in
684 2933 869 2981 fundum
886 2933 1067 2981 abeunte
1081 2937 1273 2998 nauigio>
1288 2952 1378 2980 non
1395 2950 1486 2980 tam
1501 2932 1675 2981 transilit
1697 2933 1832 2997 quam
1846 2937 1890 2980 in
1909 2951 2025 2981 mare
2039 2935 2077 2981 st
2088 2934 2176 2984 dat:

524 2993 747 3043 cadentem
761 2997 861 3044 alter
876 2998 1059 3046 &nostris
1073 3039 1087 3059 ‚
1117 3018 1248 3063 quem
1265 3002 1451 3063 Ignatius
1479 2998 1685 3059 vehebat,
1718 2998 1853 3064 longo
1875 2999 1977 3045 fune
1992 3000 2182 3062 pendens-

523 3063 683 3123 arripit‚
700 3063 1020 3127 extractumque
1032 3068 1055 3110 e
1071 3067 1219 3111 mortis
1237 3064 1427 3112 faucibus
1442 3068 1484 3111 in
1499 3064 1586 3112 vita
1600 3064 1711 3112 locat
1723 3101 1733 3112 .
1778 3067 1838 3111 At
1849 3062 2034 3125 claffiarij
2056 3105 2069 3126 ‚
2104 3065 2174 3113 de-

522 3123 685 3186 sperato
700 3129 743 3172 in
759 3128 1016 3190 Hispaniam
1033 3130 1148 3175 cursu
1169 3169 1181 3189 ,
1199 3130 1389 3192 respicere
1405 3129 1612 3194 Angliam
1627 3170 1640 3190 ,
1666 3131 1717 3177 eo
1730 3128 1830 3176 velis
1846 3129 2057 3195 remisque
2073 3150 2172 3179 con-
2188 3167 2190 3169 »
2249 3130 2251 3136 ’

521 3191 704 3250 tendere,
723 3209 914 3255 pugnam
929 3192 1162 3257 fugamque
1179 3195 1393 3253 sociante53
1411 3194 1549 3242 donec
1562 3195 1640 3243 sub
1656 3197 1832 3241 nostem
1848 3234 1862 3254 ,
1880 3194 1976 3258 post
1993 3214 2174 3244 nouem-
2247 3209 2250 3220 '

521 3250 661 3301 decim
682 3256 888 3304 horarum
908 3256 1211 3305 atrociffimam
1227 3258 1357 3322 plano
1375 3264 1483 3306 mari
1510 3259 1833 3307 dimicationem
1854 3297 1867 3316 ,
1897 3259 2011 3324 asylo
2027 3260 2172 3308 defen-

522 3314 585 3362 sos
600 3320 789 3368 infestare
802 3322 933 3370 hostis
948 3320 1068 3369 desiit
1086 3343 1096 3369 :
1115 3321 1286 3370 sednon
1304 3323 1493 3372 deseriiit.
1535 3328 1661 3372 laetis
1677 3332 1720 3371 ὃς
1740 3325 1824 3387 ipse
1837 3324 2050 3386 anchoris,
2065 3345 2170 3390 qua-

521 3394 655 3430 ternas
673 3385 761 3433 suas
778 3386 953 3454 lingulis
969 3388 1120 3436 nostris
1146 3385 1200 3436 ad
1215 3388 1456 3438 custodiam
1480 3394 1681 3456 apponit3
1707 3389 1825 3437 ausus
1857 3409 2056 3456 quoque,
2076 3392 2170 3455 post

2014 3474 2167 3524 paucos
