2321 4013
560 350 664 397 774
798 342 1028 387 IMAGO
1083 337 1291 382 PRIMI
1337 331 1606 375 SAECVLI
1647 328 1798 373 SOC.
1840 332 2000 372 IESV.

556 421 772 468 diosorum
793 422 887 467 dua:
906 459 918 480 ‚
939 420 1135 464 Mariana
1152 409 1443 477 Angelicadue
1463 429 1472 454 τ
1495 416 1539 455 &
1556 420 1698 470 praeter
1714 405 1801 454 illas
1827 405 1907 454 alia
1932 426 2105 472 quoque
2121 413 2201 459 La-

555 491 643 532 tina
656 505 702 532 ex
720 491 817 533 viris
839 480 1119 546 optimatibus
1135 478 1257 526 floret
1274 473 1492 531 Bruxellae‚
1509 470 1774 543 Meclrliiiiae,
1787 475 2044 536 Antuerpiae3
2061 492 2202 538 quon-

556 551 656 597 dam
672 555 799 596 etiam
829 547 1069 595 Siluaeducis
1082 583 1094 603 ‚
1112 547 1261 606 Brugis
1295 551 1338 588 δε
1359 538 1560 587 Gandaui
1579 563 1589 594 5
1619 536 1686 584 {ed
1703 539 1747 582 in
1765 535 2034 585 Flandricam
2048 549 2201 591 mutari

553 635 600 662 ex
618 617 688 663 viu
703 616 801 660 fuit.
848 618 978 676 Supra
992 610 1211 657 consuetos
1240 606 1597 671 quotDominicis
1615 602 1853 665 congressus
1870 642 1882 662 ,
1900 603 2011 650 festis
2029 622 2202 670 quoque

553 683 738 726 Viroinis
753 677 900 725 diebus
919 676 969 723 ad
984 671 1369 739 frequentiffimum
1388 665 1749 731 irobilissiintiinc'l3
1770 667 2006 714 auditorem
2024 669 2200 720 solennis

555 721 735 791 hab—etur
754 748 902 791 oratio.
921 740 1086 790 Gallica
1101 737 1304 787 Sodalitas
1328 736 1573 798 Antuerpiae
1593 737 1636 779 in
1654 735 1801 795 primis
1817 732 2065 797 triumphati
2084 734 2203 784 Flan-

552 809 760 856 dricarum
786 811 997 855 maximus
1025 805 1185 869 vbique
1215 808 1366 868 vig0r3
1396 819 1442 847 ac
1458 797 1538 846 fere
1560 798 1625 846 his
1654 795 1851 861 gradibus
1867 797 2200 863 distinguuntur.

553 877 694 922 Prima
724 878 887 921 ciuium
914 876 1244 933 coniugatorum
1269 909 1281 929 ,
1310 866 1433 913 altera
1455 869 1663 911 iuuenum
1679 902 1692 922 ‚
1724 858 2038 911 adolescentum
2064 871 2200 929 tertia,

549 957 696 1002 quarta
714 957 956 1004 puerorum.
975 922 1119 984 Habet
1136 934 1277 982 nostra
1295 934 1518 978 Prouincia
1533 927 1778 976 Sodalitates
1795 933 2200 993 nonagintamume-

551 1021 617 1050 rus
646 1004 869 1052 Sodalium
889 1023 1030 1063 13727.
1072 1002 1306 1062 Antuerpia
1320 996 1406 1044 iola
1424 995 1568 1041 decem
1588 991 1888 1041 Sodalitatibus
1905 994 2075 1058 gaudet;
2091 1000 2133 1044 in
2151 1001 2199 1047 iis

551 1073 626 1115 tria
643 1069 764 1117 facile
778 1068 913 1116 millia
938 1057 1105 1114 Sodales
1128 1101 1136 1109 .
1175 1067 1319 1127 Atque
1335 1061 1408 1108 hic
1422 1060 1565 1108 videas
1588 1058 1733 1123 (quod
1747 1077 1952 1107 terrarum
1969 1060 2195 1125 nusquam)

551 1135 853 1182 conoreoandis
874 1130 1095 1180 Sodalibus
1112 1128 1305 1193 amplum
1318 1125 1675 1190 splendidumque
1689 1121 1922 1172 aedificium
1940 1126 2121 1190 augusto
2140 1127 2201 1176 la-

549 1176 831 1263 pideoaboipfis
845 1198 1027 1244 ductum
1040 1190 1579 1242 fundamentis‚Enimuero
1595 1189 1876 1237 Sodalitatum
1889 1209 2046 1255 magna
2061 1192 2199 1259 Belgis

549 1270 699 1327 opinio
716 1265 788 1323 est,
806 1280 987 1321 magnus
1008 1277 1128 1308 amor
1144 1295 1153 1305 .
1210 1256 1459 1307 Grauiffimi
1477 1259 1690 1304 Senatores
1709 1296 1721 1317 ,
1740 1255 1923 1303 Nobiles
1938 1294 1951 1317 ,
1970 1261 2199 1323 Principess

562 1328 627 1374 'ue
652 1330 834 1391 inscripti
853 1313 975 1375 albo.
1022 1322 1328 1374 Ruraemundae
1343 1327 1619 1370 Hermannus
1648 1325 1809 1368 Comes
1830 1320 2067 1386 BergensiS,
2102 1319 2200 1373 Gel-

547 1346 649 1440 iirici
666 1398 854 1440 Ducatus
875 1391 1163 1449 Gubernator,
1181 1407 1281 1436 cum
1294 1391 1485 1435 I-Ienrico
1497 1392 1675 1436 Vweno
1693 1386 1880 1435 Geldrici
1896 1392 2065 1435 Senatus
2083 1393 2198 1438 Can-

547 1456 738 1518 cellario,
766 1457 910 1522 palam
933 1461 976 1504 in
995 1454 1158 1520 templo
1177 1454 1322 1502 nostro
1342 1469 1437 1500 ante
1461 1471 1578 1499 aram
1603 1456 1840 1517 principem
1869 1451 2019 1501 vfitata
2047 1453 2198 1505 verbo-

544 1540 638 1571 rum
659 1522 845 1571 formula
870 1522 946 1569 sese
962 1526 1134 1580 Virgini
1163 1518 1356 1585 obligare
1372 1516 1664 1566 honorificum
1688 1526 1732 1565 ὃς
1748 1516 1982 1582 gloriosum
1996 1518 2195 1571 habuere.

350 1613 527 1642 Amnem.
547 1589 662 1636 Iusto
677 1587 820 1653 Lipfio
836 1591 1015 1650 Louanij
1034 1576 1165 1634 abesse
1180 1584 1205 1634 ὲ
1222 1602 1336 1632 coetu
1355 1602 1515 1648 magna
1531 1582 1682 1647 religio
1699 1601 1784 1630 erat
1802 1604 1812 1630 τ
1841 1602 1917 1631 nec
1930 1584 2054 1633 semel
2070 1587 2197 1636 dimi-

349 1652 529 1691 g¹‘g·¹³·v‘³d
546 1653 663 1701 diato
680 1653 859 1718 prandio
874 1654 1048 1701 deseruit
1074 1655 1294 1711 conuiuas,
1312 1667 1358 1698 vt
1376 1647 1600 1696 Sodalibus
1618 1649 1832 1697 interesset.
1859 1649 1994 1716 Qid
2008 1651 2196 1703 frustum

349 1695 494 1719 ωιῐηεοό.

545 1719 710 1766 dicam?
745 1720 975 1766 immensus
990 1718 1063 1778 est,
1076 1736 1153 1765 nec
1168 1723 1209 1764 in
1224 1715 1403 1764 obscuro
1417 1714 1522 1763 latet.
1566 1716 1720 1761 Annus
1738 1733 1844 1763 vnus
1860 1718 2044 1776 Louanij
2067 1719 2196 1767 Soda-

545 1782 654 1831 lium
672 1785 882 1849 sexaginta
897 1788 1020 1832 variis
1038 1782 1356 1847 Religiosorum
1373 1778 1558 1828 Familiis
1574 1777 1842 1845 confignauit
1860 1818 1869 1826 .
1911 1782 2091 1847 Qidni
2108 1783 2194 1833 huc

546 1849 720 1896 referam
739 1848 941 1897 Sodalitia
957 1850 1166 1913 Vtriusque
1180 1849 1291 1896 sexus
1316 1851 1442 1896 variis
1460 1864 1530 1911 per
1560 1864 1639 1893 1103
1658 1845 1849 1894 instituta
1862 1844 1964 1894 locis
1979 1859 1993 1893 .>
2009 1849 2196 1899 Mechli-

544 1918 626 1961 niae
654 1914 809 1979 duplex
824 1915 905 1962 est:
925 1913 1101 1962 alterum
1115 1914 1280 1962 moestae
1293 1917 1483 1978 Virginis
1499 1916 1543 1959 in
1561 1911 1649 1976 ips-91
1666 1910 1904 1959 Parochiali
1921 1913 2009 1960 aede
2033 1917 2196 1971 Maria-

544 1979 612 2039 113,
640 1984 706 2027 cui
725 1984 887 2027 ciuium
918 1990 1038 2038 4691.
1059 1984 1166 2027 intra
1190 1979 1422 2027 oeciduum
1444 1981 1626 2026 nomina
1651 1976 1822 2038 dedere,
1853 1978 2085 2027 necmulto
2100 1981 2194 2045 post

550 2064 691 2103 7000.
710 2044 885 2093 alterum
911 2044 1197 2093 immaculatae
1215 2048 1527 2109 Conceptionis
1546 2048 1590 2090 in
1607 2043 1692 2090 aede
1707 2044 2020 2093 Hansstvicana.
2062 2047 2194 2095 Adle-

542 2127 701 2173 guntur
725 2115 848 2159 iurati
873 2128 1138 2176 propugnare
1171 2113 1225 2158 M
1245 2128 1276 2159 A
1296 2128 1328 2159 R
1347 2128 1363 2159 1
1386 2127 1417 2158 A
1433 2127 1471 2157 M
1505 2108 1591 2157 fine
1619 2112 1792 2173 originis
1820 2108 1914 2157 labe
1928 2128 2191 2174 conceptam.

544 2176 688 2222 Prima
717 2176 822 2224 dixit
853 2178 1164 2224 sacramentum
1181 2217 1194 2237 ,
1232 2185 1275 2224 δε
1305 2193 1466 2223 nomen
1492 2175 1563 2222 sua
1591 2173 1792 2239 inscripsit
1820 2194 1952 2223 manu
1970 2177 2194 2227 Archidux

544 2239 738 2288 Isabella:
759 2241 855 2306 post
877 2260 972 2289 eam
997 2242 1346 2307 Archiepiscopus
1364 2238 1681 2288 Mechlinienfis
1695 2281 1706 2301 ‚
1725 2239 1975 2306 Collegium
1998 2246 2193 2292 Canoni-
2262 2279 2265 2290 .

541 2323 690 2353 corum
714 2306 846 2372 prope
872 2308 1117 2355 vniuersum
1135 2347 1148 2368 ,
1176 2326 1268 2373 pars
1303 2312 1555 2354 Senatorum-
1572 2310 1763 2354 maxima
1780 2344 1791 2362 ,
1819 2310 1993 2371 integrae
2009 2310 2193 2358 Familiae

541 2369 784 2433 Religiosae.
825 2376 959 2438 Qin
990 2382 1033 2420 ὃς
1061 2373 1147 2420 huc
1173 2374 1276 2420 refer
1293 2371 1497 2420 Sodalitia
1526 2372 1782 2436 D.Iosepho
1811 2376 2000 2436 Virginis
2040 2376 2193 2439 sponso
2260 2415 2262 2421 .

541 2432 697 2496 Alosti,
714 2437 961 2485 Mechliniae
975 2478 987 2499 ‚
1007 2437 1180 2505 aliisdue
1201 2437 1303 2486 locis
1323 2442 1501 2485 excitata
1520 2475 1529 2484 .
1575 2441 1673 2484 Nec
1699 2438 1875 2484 tacenda
1901 2441 2096 2487 S.Crucis
2118 2446 2196 2490 So-

541 2497 686 2547 dalitas
701 2505 908 2564 Cortraci,
929 2511 971 2550 &
986 2502 1241 2552 D.Barbarae
1262 2507 1304 2551 in
1323 2503 1461 2551 castris
1477 2506 1636 2567 Regiis,
1658 2511 1702 2550 δε
1716 2507 1972 2551 Sanctorum
1987 2511 2138 2553 omniu
2146 2526 2190 2555 m
2258 2511 2260 2540 l

543 2564 737 2627 Louanij.
775 2568 943 2615 Habuit
958 2578 1000 2617 ὃς
1015 2571 1138 2616 suum
1159 2568 1392 2634 aliquando
1412 2570 1534 2617 Vsum
1550 2566 1755 2615 Sodalitas
1770 2568 1963 2616 militaris
1981 2571 2190 2620 sanstiss-

542 2645 624 2675 mae
644 2631 927 2694 Eucharistiae,
946 2653 1061 2681 anno
1078 2633 1440 2700 sesquimillesimo
1456 2631 1735 2698 nonagesimo
1752 2634 1948 2682 secundo:
1965 2640 2040 2700 qui
2054 2655 2190 2699 annus
2254 2668 2256 2706 ἐ

541 2692 654 2740 foecffi
676 2693 883 2745 bellorum
909 2700 1156 2764 tempestate
1177 2701 1345 2747 infamis
1384 2701 1466 2747 fuit
1486 2738 1495 2747 .
1536 2702 1734 2746 Louanio
1760 2699 2017 2748 imminebat
2043 2699 2188 2751 hostis.
2253 2709 2256 2731 ¹

541 2758 898 2810 Academicorum
916 2773 958 2812 δε
977 2768 1138 2812 ciuium
1164 2763 1347 2829 plerique
1363 2764 1633 2830 diffugerant.
1675 2764 1842 2826 Nostri,
1857 2765 2044 2814 conflato
2068 2787 2115 2815 ex
2130 2787 2190 2815 re-
2250 2782 2254 2831 j
2298 2794 2301 2804 2

540 2817 655 2885 liqna
671 2827 884 2873 iuuentute
906 2827 1127 2888 Sodalitio‚
1145 2831 1377 2878 constitere.
1405 2835 1516 2878 Finis
1540 2846 1622 2877 erat
1635 2870 1647 2891 ‚
1670 2833 1727 2876 rei
1743 2829 1980 2878 Catholicae
1993 2830 2190 2899 vrbisc‘jue
2250 2834 2253 2888 ᾖ
2298 2844 2307 2870 ᾳ»

540 2883 726 2935 defensio
741 2926 750 2935 .
779 2893 1118 2955 octodecennes,
1136 2893 1306 2943 exclusis
1323 2893 1921 2956 minoribuS,adscribebantur
1934 2897 2030 2961 post
2044 2898 2188 2962 publi-

543 2967 640 2997 cam
666 2955 875 3002 Romanae
902 2959 1012 3005 Fidei
1037 2957 1331 3023 profeffionem
1347 3001 1360 3020 ‚
1387 2965 1509 3009 iurati
1525 2961 1578 3008 ad
1604 2979 1742 3010 vnum
1768 2979 1919 3008 omnes
1943 2980 2018 3022 pro
2032 2963 2187 3013 tuenda

542 3012 614 3062 illa
630 3017 878 3081 sanguinem
903 3023 1072 3070 fundere
1087 3059 1096 3072 .
1137 3026 1356 3090 Qotidie
1384 3031 1427 3073 in
1444 3031 1571 3074 armis
1589 3043 1704 3073 erant
1719 3063 1728 3072 .
1772 3026 2089 3077 Saneciffimam
2104 3034 2187 3077 Eu-

540 3079 781 3130 charistiam
801 3122 812 3140 ‚
828 3083 857 3132 fi
874 3088 1047 3149 quando
1066 3089 1240 3152 supplici
1270 3095 1348 3137 ritu
1368 3110 1438 3153 per
1465 3091 1615 3140 vrbem
1635 3091 1854 3138 deferretur
1867 3131 1880 3152 ,
1895 3092 2106 3156 stipabant
2121 3090 2186 3142 ar-

541 3149 658 3192 mati.
689 3149 837 3195 Mouit
855 3166 944 3197 tam
976 3155 1168 3214 generosa
1187 3158 1313 3217 pietas
1336 3154 1609 3204 Clementem
1640 3159 1760 3205 VIII.
1790 3156 1843 3203 ad
1866 3157 2023 3205 sacram
2042 3157 2186 3224 legio-

538 3225 638 3257 nem
652 3210 770 3260 illam
789 3219 957 3279 magnis
976 3216 1212 3265 dotandam
1227 3219 1504 3284 Indulgentiis
1524 3242 1534 3268 τ
1557 3221 1669 3271 vnde
1693 3238 1832 3268 tantus
1855 3226 1982 3269 creuit
1999 3227 2183 3285 aninum,

538 3289 599 3332 vt,
613 3276 758 3325 audito
776 3283 863 3325 :eris
878 3286 1076 3345 campani
1092 3283 1212 3343 form,
1237 3302 1366 3348 quem
1389 3285 1466 3334 vifi
1478 3286 1610 3335 hostis
1636 3286 1842 3333 indicium
1861 3287 1912 3334 de
1925 3292 2025 3334 turri
2042 3290 2185 3353 specu-

538 3334 682 3386 latores
700 3341 863 3391 dabant
875 3385 888 3405 ,
915 3346 1124 3394 continuo
1140 3345 1352 3396 euolarent
1365 3354 1495 3414 portis
1508 3391 1522 3412 ,
1538 3349 1792 3417 hostemque
1804 3351 1918 3400 illatz'i
1935 3351 2183 3419 plerumque

538 3400 652 3452 clade
664 3407 914 3471 repellerent.
