2321 4013
203 273 366 316 LIBER
406 274 624 315 SEXTVS.
660 272 936 315 SOCIETAS
977 272 1543 317 FLANDRo—BELGICA.
1629 257 1737 331 747

32 346 35 402 Ξ
81 347 282 414 breuicjue
297 364 466 396 tantum
486 347 696 397 conflauit
710 352 891 413 argenti,
908 367 1121 413 quantum
1137 348 1254 397 Italis
1282 351 1585 407 mercatoribus
1608 354 1737 401 debe-

32 413 34 445 ’ἶ
84 412 219 461 batur.
258 416 326 461 Ac
337 432 389 460 ne
408 413 514 477 quid
534 418 700 477 emptio
724 414 988 462 dissimulata
1010 415 1298 480 postmodum
1322 420 1483 481 negotij
1513 418 1734 479 facesseret,

33 519 36 527 r
84 478 195 527 clam
212 479 298 541 ipse
313 480 401 526 adit
419 478 655 542 Gasparem
672 479 919 528 Schetzium
934 520 949 541 ,
971 479 1329 541 Grobendonckij
1356 483 1634 547 Toparcham
1650 525 1663 546 ,
1682 484 1736 532 il-

33 567 35 575 i
83 544 218 592 larum
256 544 416 592 aedium
447 543 681 592 dominum
699 585 711 605 ,
741 546 917 610 remdue
944 550 1079 610 aperit
1103 565 1152 593 ex
1179 546 1276 594 fide.
1307 551 1343 594 Is
1371 547 1446 597 vbi
1468 549 1631 597 rescinit
1659 554 1737 598 Pa-

82 610 216 657 tribus
245 610 434 657 domum
463 609 581 657 suam
612 614 768 674 quaeri,
811 630 902 659 non
938 610 1077 659 modo
1112 612 1296 659 vendere
1327 631 1420 661 non
1452 615 1635 674 abnuit,
1666 615 1736 663 sed

82 675 134 722 de
152 678 272 739 pretij
297 674 468 722 summa
496 675 656 723 remisit
676 676 795 723 mille
808 716 821 736 ,
836 693 884 725 vt
899 680 943 723 in
960 694 1124 741 partem
1143 693 1233 724 tam
1251 676 1359 725 boni
1387 685 1524 743 operis
1557 688 1730 734 veniret.

34 773 38 797 χ
79 743 340 804 Ita‚negotio
364 741 498 806 quam
517 739 799 792 occultissime
826 741 1058 800 transarsto,
1073 742 1257 790 restabat
1275 747 1543 807 impetranda
1561 752 1734 800 Senatus

80 808 326 854 auctoritas:
347 824 481 871 quem
496 805 569 854 etsi
585 807 727 856 adhuc
741 806 998 871 propensum
1025 806 1284 854 senseramus
1297 846 1311 864 ,
1333 826 1469 856 metus
1488 829 1632 860 tamen
1651 816 1736 863 hae-

35 870 39 912 i
78 871 192 919 rebat
220 870 393 936 aliquiS‚
413 871 606 938 adeoc'lue
632 873 770 921 vistim
794 887 956 920 tentare
973 869 1083 937 prius
1104 877 1291 932 animos,
1309 875 1445 938 quam
1467 875 1518 922 de
1536 883 1735 945 co'e'mpta

81 936 203 984 nobis
224 937 363 984 domo
381 936 635 1001 vulgaretur.
675 935 912 1002 Appositus
926 942 970 984 in
994 937 1079 985 hoc
1096 939 1211 986 vrbis
1233 937 1507 987 Gubernator
1535 946 1734 994 Perenot—

57 1042 61 1048 .
79 1018 158 1050 tus:
178 1006 253 1066 qui
269 1004 366 1049 cum
382 1004 685 1068 interrogasset,
701 1002 982 1068 probaturine
998 1003 1126 1050 ess'ent
1141 1002 1173 1051 fi
1186 1008 1261 1069 qui
1272 1008 1460 1052 amicoru
1468 1026 1511 1054 m
1523 1026 1734 1071 opportu-

79 1086 180 1116 nam
201 1072 398 1115 Societati
425 1086 723 1133 compararent
745 1069 931 1117 domum
945 1109 958 1130 ‚
975 1069 1250 1133 respondere,
1268 1068 1436 1118 nullam
1463 1077 1508 1119 in
1535 1071 1637 1122 vrbe
1660 1077 1731 1124 suli
1757 1071 1891 1102 Senatus

37 1156 38 1159 ¹
78 1148 166 1180 tam
178 1133 254 1181 esse
271 1133 558 1198 splendidam,
577 1154 710 1198 quam
726 1153 815 1182 non
835 1138 874 1180 ei
889 1153 937 1181 ex
955 1139 1109 1182 metito
1134 1134 1172 1182 se
1194 1134 1347 1183 debere
1362 1137 1610 1198 faterentur,
1635 1160 1684 1189 ac
1701 1142 1731 1191 fi
1752 1122 1914 1212 [JZJJJJZ

37 1196 41 1232 ἶ
79 1193 197 1246 nulla
211 1200 306 1247 effet
330 1215 402 1246 ant
423 1200 571 1263 ampla
588 1199 680 1247 satis
701 1217 776 1247 aut
799 1199 1060 1258 commoda,
1089 1200 1358 1249 voluntatem
1378 1201 1456 1251 fibi
1473 1209 1730 1270 neutiquam
1757 1212 1918 1247 ³00¹'eta12‘

38 1299 42 1326 :
80 1264 210 1311 deesse
221 1264 275 1312 ad
286 1265 555 1312 excitandam
575 1284 756 1326 nouam,
776 1264 845 1312 sed
865 1270 1088 1330 iniquitate
1107 1283 1355 1331 temporum
1382 1286 1583 1333 negatam
1598 1272 1731 1321 facul-
1752 1260 1936 1343 &camaena

38 1350 42 1393 εΙ
79 1345 225 1378 tatem.
267 1333 363 1378 Hac
392 1333 567 1379 Senatus
596 1330 863 1396 benignitate
889 1349 949 1377 res
978 1336 1022 1378 in
1053 1347 1147 1379 tuto
1173 1332 1309 1397 posita
1341 1334 1427 1392 est,
1460 1336 1513 1381 de
1537 1339 1732 1401 Aquenfi
1768 1322 1809 1343 'a‘

39 1445 43 1456 ὲ
82 1395 220 1444 domo
240 1395 350 1444 clare
374 1396 613 1444 indicatum
635 1423 646 1455 3
675 1401 842 1461 emptio
865 1396 1057 1461 legitime
1079 1399 1287 1462 peribola,
1317 1403 1423 1464 quin
1445 1399 1559 1448 vltro
1576 1407 1730 1464 etiam,

39 1467 42 1487 ²
79 1462 199 1526 quod
221 1466 367 1510 aerario
394 1481 442 1508 ex
468 1462 514 1509 e&
537 1462 822 1509 transactione
837 1462 1290 1524 debebatur,Societati
1308 1465 1621 1514 condonatum.

40 1582 43 1588 Ι
145 1529 238 1575 Iam
270 1527 393 1575 suum
420 1527 608 1575 fundum
642 1527 898 1576 habitabant
930 1531 1094 1589 Patres,
1125 1530 1290 1594 templo
1324 1530 1550 1579 vtebantur
1581 1533 1734 1583 alieno.

40 1595 44 1640 1
82 1591 430 1641 Carmelitanum
448 1592 493 1640 icl
514 1594 753 1658 erat,quod
770 1594 921 1641 nostris
944 1594 1132 1642 maxime
1147 1601 1304 1643 muniis
1317 1613 1411 1645 tum
1439 1597 1633 1647 florebat.
1667 1602 1738 1648 sed

81 1676 249 1716 eorum,
268 1659 427 1724 quibus
458 1660 602 1706 nostra
623 1658 797 1707 dolebat
820 1659 1017 1720 fortuna,
1043 1659 1348 1709 molitionibus
1371 1663 1562 1723 farcitum,
1581 1682 1628 1714 vt
1653 1663 1739 1713 hoc

81 1741 255 1789 quoque
268 1724 398 1772 nobis
413 1726 738 1772 interdiceretur.
781 1723 966 1771 Occasio
985 1743 1032 1772 ea
1043 1725 1125 1772 fuit
1141 1729 1184 1771 in
1204 1726 1354 1774 nostro
1373 1727 1630 1776 aedificandi.
1649 1734 1739 1777 Fer-

83 1789 300 1836 dinandus
315 1790 368 1837 de
384 1794 514 1850 Friaz,
536 1790 671 1854 pridie
691 1792 748 1835 D.
768 1791 982 1851 Laurentij
1011 1809 1118 1854 opus
1137 1791 1379 1839 festinanter
1395 1794 1602 1857 aggress'us
1624 1797 1740 1843 tant&

42 1887 43 1890 =
84 1852 290 1903 celeritate
306 1857 488 1903 confecit
502 1895 517 1916 ,
539 1871 585 1904 vt
598 1872 691 1903 ante
706 1854 914 1920 sequentis
928 1859 1030 1903 anni
1046 1856 1323 1904 Februarium
1348 1859 1514 1923 templo
1536 1879 1740 1908 commo-³-

42 1941 44 1977 ‡
84 1919 141 1968 do
159 1938 299 1986 neque
314 1925 579 1969 inconcinno
605 1939 832 1970 vteremur.
873 1921 963 1968 Hic
977 1921 1152 1970 tandem
1172 1926 1357 1970 Societas
1371 1963 1384 1984 ,
1404 1925 1503 1987 post
1520 1940 1738 1976 annorum

83 1990 217 2053 prope
231 1985 690 2051 quatuordecimnulla
708 1987 815 2035 cert-92
827 1985 918 2034 sede
936 1989 1233 2047 iactationem,
1260 1987 1499 2052 aliquando
1529 1999 1739 2056 conquie-

84 2055 157 2099 uit.
256 2057 321 2101 uis
347 2071 435 2100 non
460 2056 635 2100 miretur
662 2070 782 2100 tanto
813 2056 950 2116 pretio
975 2069 1168 2117 emptam
1197 2053 1410 2114 domum,
1439 2056 1738 2122 templumque

44 2131 48 2177 Q
87 2116 369 2179 aedificatum‚
387 2137 438 2166 eo
457 2119 644 2165 maxime
677 2135 871 2182 tempore
898 2135 988 2182 quo
1003 2117 1123 2166 bellis
1143 2118 1368 2183 plusquam
1399 2119 1597 2169 ciuilibus
1620 2124 1739 2170 ardea·

44 2179 49 2264 l
87 2181 160 2231 bat
176 2183 395 2246 Belgium,
415 2182 628 2231 cessabant
643 2187 946 2243 mercimonia,
964 2202 1022 2231 res
1038 2188 1283 2248 pecuniaria
1299 2182 1546 2247 laborabat,
1569 2187 1741 2236 validis-

45 2269 47 2285 >
86 2246 183 2296 fimi
201 2245 398 2297 exomni
428 2251 578 2297 ordine
597 2249 816 2312 aduersarij
833 2248 1160 2298 obnitebantur?
1188 2253 1414 2298 Nimirum
1435 2251 1549 2300 haud
1565 2253 1738 2318 vulgare

45 2294 50 2383 ἰ
86 2314 133 2362 id
148 2315 228 2362 fuit
243 2319 327 2363 Dei
349 2319 602 2364 Societatem
619 2314 734 2362 suam
759 2314 957 2362 seruantis
983 2333 1030 2363 ac
1051 2315 1238 2362 fouentis
1258 2334 1574 2380 argumentum.
1615 2323 1738 2366 Frue-

45 2387 49 2428 ἶ
88 2378 244 2427 bantur
261 2388 389 2445 partis
408 2398 529 2428 tanto
544 2380 690 2429 labore
704 2379 1027 2445 possessionibus
1046 2384 1203 2440 Patres,
1219 2381 1324 2428 aedes
1341 2380 1449 2429 sacra
1477 2387 1640 2432 ciuium
1657 2384 1737 2432 ho*

86 2445 327 2506 nestissimis
358 2446 727 2511 frequentabatur,
753 2446 909 2494 scholae
935 2454 978 2494 δε
1006 2464 1186 2494 numero
1212 2456 1255 2495 &
1282 2447 1490 2512 dignitate
1509 2447 1736 2509 florebant;

92 2510 189 2559 cum
211 2511 526 2559 secundissimas
543 2531 601 2560 res
618 2517 738 2576 (quae
751 2511 1116 2560 esthumanorum
1141 2511 1397 2572 vicissitudo)
1426 2515 1537 2561 casus
1563 2515 1737 2564 tristissi-

90 2593 185 2623 mus
217 2581 379 2625 euertit.
409 2576 628 2626 Sublato&
657 2580 766 2624 vinis
785 2577 1080 2641 Requesenio,
1101 2576 1234 2643 Belgij
1263 2579 1449 2627 Ordines
1466 2580 1736 2645 Reipublicae

91 2641 382 2706 gubernacula
408 2643 636 2704 tenebant,
660 2640 758 2690 cnm
781 2644 915 2691 fatalis
940 2643 1009 2690 ille
1041 2661 1175 2691 annus
1202 2643 1529 2709 septuagesimus
1556 2649 1735 2695 nolanus

49 2710 53 2764 ᾗ
89 2711 346 2756 Societatem
363 2707 501 2756 domo
518 2727 644 2774 atque
659 2707 763 2756 vrbe
784 2708 944 2772 expulit
969 2708 1028 2756 ob
1045 2726 1245 2773 negatam
1272 2713 1371 2756 Deo
1395 2710 1588 2777 Regiq‘ue
1610 2712 1736 2776 perfi-

49 2766 53 2838 ζ
92 2772 226 2821 diam.
253 2775 338 2839 quii
356 2773 408 2821 de
426 2792 465 2821 re
492 2778 684 2839 proprius
714 2791 890 2821 recurret
916 2773 1052 2821 sermo
1080 2778 1124 2822 in
1156 2775 1267 2824 loco.
1309 2777 1412 2825 Post
1434 2776 1563 2837 exfilij
1589 2782 1738 2827 oeten-

50 2863 54 2888 ³.
91 2841 216 2887 nium
235 2858 334 2886 cum
352 2838 473 2887 bono
498 2843 596 2887 Deo
626 2838 867 2887 Alexander
890 2837 1098 2887 Farnefius
1118 2843 1280 2889 Parmae
1308 2845 1411 2889 Dux
1439 2840 1587 2890 vrbem
1612 2846 1737 2909 Regi,

50 2907 54 2957 ;’
92 2904 274 2970 vrbitjue
288 2909 540 2959 Societatem
557 2924 655 2952 cum
671 2906 834 2953 foenore
848 2906 1038 2954 restituit.
1079 2908 1202 2954 Nam
1221 2907 1343 2954 breui
1356 2926 1402 2954 ea
1415 2907 1525 2954 fuere
1547 2907 1735 2974 Collegij

94 2971 371 3031 incrementa,
390 2970 533 3018 multis
558 2974 817 3028 amicorum,
836 2970 903 3018 sed
925 2971 1134 3036 praecipue
1148 2971 1310 3020 Ioanne
1335 2972 1484 3020 Dclrio
1502 2975 1739 3021 Cathedra-

94 3032 144 3081 lis
169 3035 357 3083 Ecclefiae
376 3039 571 3097 Decano,
589 3035 833 3101 &⁴AEgidio
858 3036 1032 3084 Gerardi
1058 3041 1150 3086 viro
1173 3037 1402 3086 Consulari
1431 3037 1736 3086 collaborantia

97 3097 191 3161 bus,
206 3117 253 3150 vt
267 3106 310 3148 in
324 3119 513 3150 mentem
530 3107 692 3151 veniret
715 3100 951 3150 diuifionis.
990 3103 1111 3167 quod
1134 3102 1362 3152 consilium
1383 3104 1534 3151 deinde
1562 3121 1737 3166 promo-

0 3225 1 3228 ¹
97 3168 158 3212 uit
176 3169 405 3214 auotoritas
433 3167 607 3228 Claudij
642 3170 882 3232 Aquauiuae
909 3166 1124 3232 Praepofiti
1150 3169 1380 3229 Generalis,
1404 3168 1660 3231 iampridem
1690 3172 1733 3214 in
1759 3182 1884 3218 ‘Domus

54 3282 55 3286 Ἰ
98 3230 248 3297 Belgio
265 3232 495 3281 Profeffam
512 3232 757 3281 meditantis
773 3232 974 3281 domum.
1015 3237 1129 3299 Ergo
1145 3253 1269 3282 nouae
1279 3234 1482 3296 Collegio
1494 3231 1599 3279 aedes
1618 3250 1735 3295 quae-
1759 3229 1900 3276 Profeffi,

54 3340 58 3359 ξ
101 3293 196 3354 fitae3
215 3301 412 3360 antiquas
440 3299 633 3347 Patribus
655 3298 847 3345 Professis
866 3297 1100 3364 relinquere
1128 3299 1298 3363 placuit.
1345 3302 1518 3345 Domus
1547 3313 1632 3343 erat
1658 3316 1735 3344 no-
1756 3284 1914 3375 {IZ'W‘

56 3403 59 3419 ,
100 3365 216 3409 mine
231 3362 496 3428 Anghcana,
518 3383 652 3430 quam
677 3363 785 3412 olim
817 3363 970 3429 Anglis
1003 3364 1308 3413 mercatoribus
1336 3362 1539 3413 vtcndam
1569 3361 1737 3409 dederat

917 3434 950 3476 B
969 3427 998 3478 b
1016 3429 1045 3479 b
1063 3428 1090 3477 b
1109 3428 1136 3476 b
1175 3448 1199 3474 2.
1581 3426 1736 3476 florens
