2321 4013
126 289 322 333 LIBER
355 287 730 330 SECVNDVS.
788 290 1125 331 SOCIETAS
1162 294 1517 342 CRESCENS.
1564 304 1677 353 205

16 385 19 414 τ
52 364 299 424 ferunt,suas
314 362 479 410 delicias
497 379 660 425 putant.
691 364 777 426 Alij
796 365 991 411 iuuandis
1009 370 1144 429 magis
1164 372 1341 429 animis,
1371 378 1500 437 quam
1522 395 1677 441 corpo-

53 432 164 479 ribus
190 433 362 488 intenti,
378 426 434 475 fic
465 428 619 491 agendi
650 429 1057 495 contemplandic'lue
1083 431 1271 479 studium
1294 438 1523 487 'conserunt
1549 458 1676 505 atque

50 495 347 552 commiscent,
365 510 410 541 vt
426 499 619 556 nequem
639 494 899 558 degustanda
917 495 1119 543 suauitate
1134 496 1273 545 diuini
1297 500 1499 565 colloquij
1520 507 1675 554 caussas

49 561 228 608 deserant
241 562 560 622 proximorum,
586 576 723 623 neque
742 564 785 605 in
800 559 968 607 ferenda
991 566 1191 623 proximis
1219 582 1302 628 ope
1329 565 1524 614 diuinam
1549 571 1677 617 fami-

46 625 262 675 liaritatem
281 624 524 688 negligant:
545 622 599 670 fic
617 624 656 669 se
672 622 750 671 sibi
775 625 1012 672 excolendis
1041 625 1387 694 perficiendisque
1403 634 1674 696 impendunt,

16 687 18 695 ¹
47 707 92 739 vt
102 706 259 754 partem
275 707 470 735 curarum
485 687 539 734 ad
558 707 837 736 communem
867 690 1092 737 Vtilitatem
1112 691 1345 739 deriuantes
1357 734 1370 753 ,
1400 697 1522 759 quod
1541 702 1676 761 priua-

16 749 17 756 *
45 759 120 804 tim
136 753 390 819 proficiunt,
411 755 454 799 id
477 771 608 800 omne
636 754 806 818 publice
836 755 967 802 velint
994 757 1194 819 prodesse.
1223 760 1380 804 Priores
1398 764 1442 806 in
1469 759 1560 810 loca
1587 762 1674 812 sola

45 819 206 868 abdunt
222 818 313 877 sese,
334 828 375 866 δε
419 817 536 865 rocul
557 818 609 867 ab
626 824 750 866 omni
768 820 937 884 strepitu
959 819 1101 867 sancia
1114 821 1311 869 festantes
1323 828 1426 881 oria,
1444 827 1580 873 secum
1593 835 1675 877 toti

44 894 87 933 δε
104 903 202 931 cum
216 837 464 932 caelestibus
484 883 661 949 degunt.
681 888 730 930 In
745 884 873 931 solem
896 886 1139 948 posteriores
1157 895 1198 933 &
1245 886 1430 936 uluerem
1449 892 1674 954 prodeunt,

15 977 17 1002 :
43 949 197 1014 oppida
211 966 335 1013 atque
349 967 470 1013 agros
487 949 747 1013 percursant,
763 949 924 997 diurnis
942 905 1290 999 contentionibus
1308 958 1540 1003 nodimmas
1563 962 1675 1017 vigi-

14 1011 17 1018 ¹
42 1014 113 1064 lias
127 1015 303 1073 addunt,
323 1018 509 1078 quietem
527 1013 708 1078 denique
721 1019 765 1061 in
783 1011 1020 1075 laboribus,
1038 1021 1081 1062 in
1102 1016 1333 1065 hominum
1354 1021 1570 1068 consortio
1587 1025 1679 1072 Dei·

14 1103 16 1124 ;
41 1080 293 1146 praesentiam
311 1088 354 1126 &
373 1081 636 1143 congressum
650 1096 854 1144 quaerunt.
876 1081 1102 1129 Laudabili
1127 1086 1320 1147 Vtrique,
1338 1088 1438 1149 quia
1464 1104 1554 1133 non
1582 1104 1673 1137 tam

41 1145 128 1203 suo,
148 1145 279 1208 quam
295 1162 455 1191 aeternae
472 1147 631 1191 Mentis
644 1183 657 1202 ,
679 1149 749 1191 cui
762 1144 850 1192 suas
875 1162 1155 1210 attemperant
1172 1152 1373 1208 rationes,
1390 1150 1526 1199 duem
1549 1170 1674 1217 arque

14 1235 16 1267 ss
42 1209 224 1258 consilio.
256 1213 421 1256 Atiam
449 1210 500 1256 eo
525 1210 701 1257 redierat
725 1210 970 1258 Christiana
996 1230 1081 1272 res,
1117 1229 1162 1260 vt
1181 1212 1318 1277 (quod
1345 1234 1525 1278 magnus
1562 1217 1671 1267 olim

39 1277 266 1339 Aphraates
285 1275 453 1323 dicebat
469 1285 480 1334 )
498 1274 564 1321 vel
581 1275 690 1338 ipsos
706 1279 835 1321 eremi
853 1275 1032 1323 cultores
1051 1276 1106 1323 ad
1119 1275 1320 1325 leuandas
1347 1278 1536 1329 Ecclesiae
1563 1282 1672 1331 cala-

14 1339 16 1343 *
37 1348 211 1401 mi'tates,
230 1357 454 1405 tamquam
477 1340 643 1386 assuetas
661 1339 814 1387 secreto
832 1345 1016 1405 virgines
1042 1342 1095 1388 ad
1120 1343 1467 1408 restinguendum
1490 1364 1671 1413 paternae

38 1406 186 1455 domus
205 1406 472 1465 incendium,
491 1422 562 1468 par
580 1406 673 1452 esset
686 1408 732 1451 in
751 1404 977 1467 publicum
994 1407 1175 1468 prodire.

13 1506 16 1524 ³
99 1470 347 1520 Fluehiabat
375 1470 516 1517 multis
538 1469 639 1516 locis
661 1469 859 1535 Religio:
890 1469 1164 1519 foedabantur
1185 1473 1401 1521 castissimi
1417 1481 1540 1524 ritus:
1562 1484 1670 1529 Pro-

14 1570 15 1574 =
36 1540 264 1584 uinciarum
288 1536 395 1584 olim
424 1534 855 1583 constantissimarum
874 1534 1048 1584 lababat
1066 1536 1168 1584 fides
1182 1576 1194 1597 ,
1215 1537 1320 1585 salus
1342 1539 1667 1603 periclitabatur.

14 1650 16 1654 ,
37 1603 142 1668 Q&
168 1607 210 1650 in
232 1606 458 1649 communi
484 1599 721 1648 necessitate
744 1610 787 1648 ὃς
809 1602 1065 1662 discrimine,
1083 1602 1163 1649 suis
1181 1603 1403 1652 dumtaxat
1418 1613 1668 1660 commodis

35 1667 206 1720 &saluti
220 1686 364 1715 vacare
376 1707 389 1728 ,
412 1684 501 1713 non
521 1683 609 1713 tam
626 1670 790 1714 virtutis
809 1667 997 1714 studium
1012 1707 1025 1727 ,
1049 1668 1181 1732 quam
1208 1667 1362 1716 laboris
1384 1672 1427 1717 fu
1435 1690 1486 1734 ga
1505 1692 1669 1735 poterat

32 1730 170 1783 videri.
193 1737 297 1780 Eam
315 1731 375 1780 ob
392 1750 481 1779 rem
498 1735 686 1796 Ignarius
710 1731 914 1779 auersatus
929 1736 1015 1779 iam
1043 1751 1252 1780 vanarum
1275 1752 1412 1782 rerum
1436 1736 1665 1804 illecebras,

1697 1242 1830 1287 Eccleſsae

1696 1292 1847 1336 neceffitas

1694 1347 1829 1386 tempore

1694 1388 1712 1418 J
1707 1397 1772 1432 gna
1778 1397 1822 1436 tq.

1692 1761 1774 1794 eAd
1788 1774 1854 1796 na·

32 1797 280 1863 vocantique
296 1798 350 1845 ad
375 1796 552 1844 meliora
568 1801 643 1844 Nu
652 1800 761 1843 mini
775 1796 1014 1857 obsecutus,
1032 1798 1263 1863 postquam
1278 1804 1452 1863 priuatae
1465 1804 1557 1851 satis
1575 1811 1664 1870 pic-
1687 1810 1824 1842 mutim

31 1862 102 1911 tati
111 1862 347 1918 indulsisset,
362 1861 637 1928 hausissetque
653 1861 704 1909 de
727 1861 830 1909 caelo
844 1902 857 1922 ,
879 1863 999 1926 quod
1014 1867 1058 1910 in
1071 1863 1176 1911 alios
1191 1882 1290 1912 cum
1306 1865 1446 1913 frustu
1464 1870 1597 1932 poffet
1618 1882 1662 1920 δε

30 1928 111 1977 fine
127 1928 311 1993 periculo
333 1928 646 1986 transfundere,
673 1927 725 1975 ad
744 1928 929 1975 ferendas
947 1927 1102 1975 miseris
1122 1930 1354 1994 suppetias,
1380 1931 1661 1984 firmandum-

1687 1859 1823 1901 Ecclestae

1687 1914 1810 1949 operam

1685 1955 1829 1998 lgmm'm

11 1992 106 2060 zc'lue
122 1994 205 2060 qua
228 1993 371 2056 poffet,
386 1992 575 2041 Ecclefiae
588 1993 758 2052 statum,
777 2011 894 2041 curas
913 1993 1002 2040 suas
1019 2012 1169 2042 omnes
1184 1997 1544 2065 cogitationesque
1559 2021 1661 2050 con-
1686 2003 1786 2032 3052'05
1796 2001 1859 2034 col.

12 2080 13 2090 ¹
28 2065 159 2118 uertit.
184 2059 307 2122 Quid
322 2077 466 2106 tamen
481 2076 551 2106 aut
568 2063 610 2105 in
629 2056 724 2117 illo,
747 2076 817 2106 aut
834 2063 876 2106 in
893 2077 1174 2124 quocumque
1191 2056 1305 2108 suam
1337 2061 1463 2109 solius
1480 2084 1659 2128 operam

27 2126 270 2188 conferente,
287 2141 454 2172 tantum
477 2124 655 2188 praefidij
673 2132 688 2170 ,ἓ
709 2127 806 2170 Nec
822 2143 928 2172 vnus
945 2124 1150 2172 omnibus
1177 2126 1366 2189 prodesse
1380 2145 1544 2190 poterat
1556 2171 1569 2191 ‚
1583 2150 1663 2181 nec

27 2189 119 2239 vllis
143 2188 382 2238 admodum
401 2189 490 2236 diu.
511 2193 689 2254 Iungere
705 2206 804 2252 ergo
823 2189 1125 2253 cumpluribus
1149 2191 1302 2251 studia,
1316 2200 1359 2239 &
1378 2192 1571 2260 adlegere
1586 2200 1663 2245 So-

27 2260 109 2303 cios
125 2256 260 2305 visum
274 2255 347 2302 est:
365 2259 440 2320 qui
456 2260 541 2301 eius
561 2253 749 2319 primum
768 2255 896 2319 opera
914 2253 1087 2313 incensi,
1107 2255 1388 2319 dispergerent
1404 2259 1500 2305 dein
1508 2260 1559 2307 de
1573 2263 1660 2309 ale-

11 2316 192 2387 3rentc'1ue
205 2326 247 2369 in
266 2320 482 2385 posterum
498 2318 743 2376 flammam,
760 2329 802 2367 δε
820 2319 1058 2384 frigescente
1074 2319 1223 2367 saeculo
1248 2322 1504 2371 Christiana:
1532 2330 1661 2389 pieta-

24 2391 72 2433 tis
87 2387 281 2434 ardorem
293 2402 555 2433 renouarent.
572 2386 622 2432 Id
639 2385 784 2449 primo
811 2390 854 2431 in
880 2385 1096 2449 Hispaniis
1115 2390 1355 2434 Barcinone
1370 2387 1660 2439 Salmantica:-

24 2449 103 2516 q‘ue
116 2469 336 2500 tentatum.
351 2450 594 2516 Vtrobique
608 2465 761 2498 conatu
778 2454 949 2510 maiori,
966 2449 1098 2514 quam
1124 2450 1315 2499 successu.
1345 2454 1512 2502 Multos
1542 2455 1660 2518 figil-

10 2514 136 2565 ‘latim
157 2521 300 2567 virtuti
318 2516 583 2574 conciliauit,
612 2520 689 2581 qui
705 2515 783 2563 fibi
809 2517 863 2563 ad
880 2514 1033 2563 laboris
1051 2515 1294 2564 societatem
1320 2516 1498 2566 fideliter
1514 2511 1659 2569 adlice-

10 2598 133 2643 11eret,
149 2588 295 2647 reperit
310 2587 543 2630 neminem.
571 2584 800 2630 Nimirum
817 2581 908 2628 satis
931 2599 1040 2640 erat,
1060 2580 1144 2628 hoc
1163 2585 1366 2644 Regnum
1392 2602 1657 2649 magnorum

20 2650 201 2696 vitorum
216 2646 516 2696 feracissimum
532 2666 654 2694 nouae
669 2649 1034 2711 Congregationis
1053 2650 1122 2693 Au
1130 2648 1295 2692 &torem
1316 2647 1529 2709 protulisse
1546 2690 1557 2708 ,
1574 2656 1657 2700 ini-

19 2715 72 2759 tia
87 2713 396 2778 progressusque
412 2712 528 2759 alteri
541 2712 886 2759 debebantur‚lta
902 2710 1196 2776 transplantari
1214 2729 1359 2759 amant
1372 2714 1552 2777 quidam
1566 2717 1656 2765 fru-

19 2780 127 2838 tices,
143 2797 219 2827 nec
234 2776 312 2826 nisi
329 2777 413 2825 alio
427 2777 611 2824 traducsti
626 2783 669 2824 in
681 2776 847 2834 arbores
863 2776 1120 2834 excrescunt.>

10 2847 13 2855 '
80 2843 262 2904 Parisiis,
285 2841 560 2891 celeberrimo
575 2860 648 2906 per
675 2841 973 2889 Christianum
995 2841 1147 2890 orbem
1173 2840 1405 2889 litterarum
1437 2848 1656 2910 emporiO,

17 2911 75 2956 vti
91 2912 223 2957 maior
239 2906 632 2957 florentissimorum
653 2911 859 2954 iuuenum
880 2926 928 2954 ex
944 2908 1149 2955 omnibus
1174 2910 1331 2971 Regnis
1361 2907 1412 2955 eo
1428 2908 1653 2960 confluen-

10 2976 120 3021 ‘tium
135 2979 273 3037 copia,
287 2979 343 3022 ita
356 2973 521 3021 facilior
536 2975 617 3021 fuit
635 2971 866 3038 certiorque
879 2971 1078 3019 delestus.
1121 2976 1286 3019 Primus
1315 2972 1489 3021 adscitus
1510 2979 1652 3025 Petrus

10 3037 153 3099 faber,
171 3044 348 3087 natione
361 3038 586 3087 Allobrox.
626 3041 723 3084 Nec
736 3039 839 3101 aegre
855 3041 950 3085 viro
967 3037 1113 3085 saneto
1131 3036 1326 3097 adhaefit,
1350 3043 1425 3103 qui
1451 3039 1653 3090 sancffita-

14 3105 135 3152 terna
152 3123 279 3168 puero
293 3105 427 3151 fuerat
451 3103 681 3165 amplexus,
723 3102 819 3149 Plus
837 3107 878 3148 in
907 3106 1099 3150 Xauerio
1122 3103 1392 3161 desudatum,
1418 3105 1535 3168 quasi
1560 3110 1648 3153 iam

15 3183 104 3216 tum
122 3169 447 3232 portenderetur,
463 3172 506 3215 in
522 3167 594 3214 illo
608 3185 696 3214 vno
712 3166 765 3213 de
784 3167 975 3215 millibus
991 3167 1134 3214 multis
1155 3171 1234 3232 agi.
1276 3171 1313 3213 Is
1343 3169 1648 3232 Pompeiopoli

14 3234 144 3297 Regia
160 3238 359 3282 Nauarrae
371 3233 476 3282 vrbe
492 3232 633 3281 nobili
646 3232 837 3296 prosapia
848 3249 987 3292 natuS,
1007 3232 1114 3280 illud
1130 3232 1267 3280 modo
1280 3231 1495 3295 spenstabat
1507 3271 1519 3290 ,
1536 3250 1582 3281 vt
1594 3232 1648 3283 ad

14 3305 248 3360 aggeni'tam
274 3298 444 3346 familis?
471 3296 671 3348 bellicam
692 3296 865 3345 laudem
897 3298 1109 3361 sapientiae
1128 3298 1252 3344 decus
1279 3297 1533 3360 adiungeret.
1562 3298 1649 3347 hoc

14 3350 211 3413 difficilius
224 3364 279 3413 ad
292 3363 446 3412 infima
460 3380 586 3431 atque
600 3361 784 3411 humilia
797 3365 995 3411 animum
1015 3362 1194 3475 iiiflgxit.
1226 3361 1308 3409 Sed
1321 3379 1421 3408 euin
1436 3400 1450 3422 ‚
1467 3361 1649 3472 vtgelu-

9 3443 11 3446 ‘
1146 3447 1169 3475 c
1201 3443 1218 3484 3
1560 3444 1647 3474 are-

1684 2048 1705 2079 l1
1713 2050 1765 2081 nt.

1704 2079 1726 2094 ὡ
